% ----------- Thesis -----------------
%Done
@techreport{WHO2018,
author = {Nhan Tran and others},
title = {Global status report on road safety 2018},
institution = {World Health Organization},
year = {2018},
}
%note = {Online: \url{https://www.who.int/publications/i/item/9789241565684}}

% Done
@techreport{NHTSA2018,
author = {Santokh Singh},
title = {Critical Reasons for Crashes Investigated in the National Motor Vehicle Crash Causation Survey},
institution = {National Highway Traffic Safety Administration},
year = {2018},
number = {DOT HS 812 506}
}
%note = {Online: \url{https://crashstats.nhtsa.dot.gov/api/public/viewpublication/812506}},


% ----------- CJ Thesis -----------------
% Done
@incollection{Michon1985,
author="Michon, John A.",
title="A Critical View of Driver Behavior Models: What Do We Know, What Should We Do?",
editor="Evans, L. and Schwing, R.C.",
bookTitle="Human Behavior and Traffic Safety",
year="1985",
publisher="Springer",
pages="485--524",
isbn="978-1-4613-2173-6",
doi="10.1007/978-1-4613-2173-6_19",
url="https://doi.org/10.1007/978-1-4613-2173-6_19"
}

% Done
@article{FAGNANT2015167,
title = "Preparing a nation for autonomous vehicles: Opportunities, barriers and policy recommendations",
journal = "Transportation Research Part A: Policy and Practice",
volume = "77",
pages = "167--181",
year = "2015",
issn = "0965-8564",
doi = "https://doi.org/10.1016/j.tra.2015.04.003",
author = "Daniel J. Fagnant and Kara Kockelman",
}

% Done
@article{darpaCMU,
author = {Urmson, Chris and Anhalt, Joshua and Bagnell, Drew and Baker, Christopher and Bittner, Robert and Clark, M. N. and Dolan, John and Duggins, Dave and Galatali, Tugrul and Geyer, Chris and Gittleman, Michele and Harbaugh, Sam and Hebert, Martial and Howard, Thomas M. and Kolski, Sascha and Kelly, Alonzo and Likhachev, Maxim and McNaughton, Matt and Miller, Nick and Peterson, Kevin and Pilnick, Brian and Rajkumar, Raj and Rybski, Paul and Salesky, Bryan and Seo, Young-Woo and Singh, Sanjiv and Snider, Jarrod and Stentz, Anthony and Whittaker, William and Wolkowicki, Ziv and Ziglar, Jason and Bae, Hong and Brown, Thomas and Demitrish, Daniel and Litkouhi, Bakhtiar and Nickolaou, Jim and Sadekar, Varsha and Zhang, Wende and Struble, Joshua and Taylor, Michael and Darms, Michael and Ferguson, Dave},
 title = {Autonomous Driving in Urban Environments: Boss and the Urban Challenge},
 journal = {Journal of Field Robotics},
 issue_date = {August 2008},
 volume = {25},
 number = {8},
 year = {2008},
 issn = {1556-4959},
 pages = {425--466},
 numpages = {42},
 url = {http://dx.doi.org/10.1002/rob.v25:8},
 doi = {10.1002/rob.v25:8},
 acmid = {1395077},
 publisher = {John Wiley and Sons Ltd.},
 address = {Chichester, UK},
}

% Done
@article{darpaStanford,
  AUTHOR	= {M. Montemerlo and J. Becker and S. Bhat and H. Dahlkamp 
                   and D. Dolgov and S. Ettinger and D. Haehnel and 
                   T. Hilden and G. Hoffmann and B. Huhnke and D. Johnston 
                   and S. Klumpp and D. Langer and A. Levandowski and 
                   J. Levinson and J. Marcil and D. Orenstein and 
                   J. Paefgen and I. Penny and A. Petrovskaya and 
                   M. Pflueger and G. Stanek and D. Stavens and A. Vogt 
                   and S. Thrun},
 title = {Junior: The {Stanford} Entry in the Urban Challenge},
 journal = {Journal of Field Robotics},
 issue_date = {September 2008},
 volume = {25},
 number = {9},
 year = {2008},
 issn = {1556-4959},
 pages = {569--597},
 numpages = {29},
 url = {http://dx.doi.org/10.1002/rob.v25:9},
 doi = {10.1002/rob.v25:9},
 acmid = {1405651},
 publisher = {John Wiley and Sons Ltd.},
 address = {Chichester, UK},
}


@ARTICLE{Ardelt2012, 
author={M. Ardelt and C. Coester and N. Kaempchen}, 
journal={IEEE Transactions on Intelligent Transportation Systems}, 
title={Highly Automated Driving on Freeways in Real Traffic Using a Probabilistic Framework}, 
year={2012}, 
volume={13}, 
number={4}, 
pages={1576-1585},
doi={10.1109/TITS.2012.2196273}, 
ISSN={1524-9050}, 
}

% Done
@INPROCEEDINGS{Ulbrich2015, 
author={S. Ulbrich and M. Maurer}, 
booktitle={Proceedings of the 18th IEEE International Conference on Intelligent Transportation Systems (ITSC)}, 
title={Towards Tactical Lane Change Behavior Planning for Automated Vehicles}, 
year={2015}, 
volume={}, 
number={}, 
pages={989--995}, 
doi={10.1109/ITSC.2015.165}, 
ISSN={2153-0017}, 
}

% Done
@INPROCEEDINGS{Sunberg2017, 
author={Z. N. Sunberg and C. J. Ho and M. J. Kochenderfer}, 
booktitle={Proceedings of the American Control Conference (ACC)}, 
title={The value of inferring the internal state of traffic participants for autonomous freeway driving}, 
year={2017}, 
volume={}, 
number={}, 
pages={3004--3010}, 
doi={10.23919/ACC.2017.7963408}, 
ISSN={}, 
}

@INPROCEEDINGS{Lenz2016, 
author={D. Lenz and T. Kessler and A. Knoll}, 
booktitle={2016 IEEE Intelligent Vehicles Symposium (IV)}, 
title={Tactical cooperative planning for autonomous highway driving using Monte-Carlo Tree Search}, 
year={2016}, 
volume={}, 
number={}, 
pages={447-453}, 
ISSN={}, 
}

% Done
@INPROCEEDINGS{Sonu2018, 
author={E. Sonu and Z. Sunberg and M. J. Kochenderfer}, 
booktitle={Proceedings of the IEEE Intelligent Vehicles Symposium (IV)}, 
title={Exploiting Hierarchy for Scalable Decision Making in Autonomous Driving}, 
year={2018}, 
volume={}, 
number={}, 
pages={2203--2208}, 
doi={10.1109/IVS.2018.8500681}, 
ISSN={1931-0587}, 
}

% Done
@INPROCEEDINGS{Brechtel2014, 
author={S. Brechtel and T. Gindele and R. Dillmann}, 
booktitle={Proceedings of the 17th IEEE International Conference on Intelligent Transportation Systems (ITSC)}, 
title={Probabilistic decision-making under uncertainty for autonomous driving using continuous {POMDPs}}, 
year={2014}, 
volume={}, 
number={}, 
pages={392-399}, 
doi={10.1109/ITSC.2014.6957722}, 
ISSN={2153-0009}, 
}

% Done
@INPROCEEDINGS{Werling2010, 
author={M. Werling and J. Ziegler and S. Kammel and S. Thrun}, 
booktitle={Proceedings of the IEEE International Conference on Robotics and Automation (ICRA)},
title={Optimal trajectory generation for dynamic street scenarios in a {Fren\'et} Frame}, 
year={2010}, 
volume={}, 
number={}, 
pages={987--993}, 
doi={10.1109/ROBOT.2010.5509799}, 
ISSN={1050-4729}, 
}


@INPROCEEDINGS{Damerow2015, 
author={F. Damerow and J. Eggert}, 
booktitle={Proceedings of the 18th IEEE International Conference on Intelligent Transportation Systems (ITSC)}, 
title={Risk-Aversive Behavior Planning under Multiple Situations with Uncertainty}, 
year={2015}, 
volume={}, 
number={}, 
pages={656-663}, 
doi={10.1109/ITSC.2015.113}, 
ISSN={2153-0017}, 
}


@INPROCEEDINGS{Nilsson2015, 
author={P. {Nilsson} and L. {Laine} and N. {van Duijkeren} and B. {Jacobson}}, 
booktitle={International Symposium on Innovations in Intelligent SysTems and Applications (INISTA)}, 
title={Automated highway lane changes of long vehicle combinations: A specific comparison between driver model based control and non-linear model predictive control}, 
year={2015}, 
volume={}, 
number={}, 
pages={1-8}, 
keywords={acceleration control;brakes;braking;motion control;nonlinear control systems;predictive control;road traffic control;road vehicles;steering systems;vehicle dynamics;velocity control;automated highway lane changes;long vehicle combinations;driver model based control;nonlinear model predictive control;vehicle dynamics performances;automated lane change manoeuvres;simulated highway driving;NMPC;DMC theory;traffic situation predictions;motion variable constraints;actuation requests;steering;propulsion;automated driving approaches;simulation environment;high-fidelity vehicle plant model;surrounding vehicles;vehicle braking;lane change duration;absolute magnitude;longitudinal accelerations;lateral accelerations;longitudinal vehicle speed;Vehicles;Acceleration;Mathematical model;Predictive models;Axles;Roads;Wheels}, 
doi={10.1109/INISTA.2015.7276790}, 
ISSN={}, 
}

% Done
@article{Bai2014,
 author = {Bai, Haoyu and Hsu, David and Lee, Wee Sun},
 title = {Integrated Perception and Planning in the Continuous Space: A {POMDP} Approach},
 journal = {International Journal of Robotics Research},
 issue_date = {August    2014},
 volume = {33},
 number = {9},
 year = {2014},
 issn = {0278-3649},
 pages = {1288--1302},
 numpages = {15},
 url = {http://dx.doi.org/10.1177/0278364914528255},
 doi = {10.1177/0278364914528255},
 acmid = {2675305},
 publisher = {Sage Publications, Inc.},
 address = {Thousand Oaks, CA, USA},
 keywords = {Planning under uncertainty, continuous POMDPs},
} 


@INPROCEEDINGS{Paper2, 
author={C. J. Hoel and K. Wolff and L. Laine}, 
booktitle={IEEE International Conference on Intelligent Transportation Systems (ITSC)}, 
title={Automated Speed and Lane Change Decision Making using Deep Reinforcement Learning}, 
year={2018}, 
volume={}, 
number={}, 
pages={2148-2155}, 
keywords={convolution;decision making;feedforward neural nets;learning (artificial intelligence);road vehicles;traffic engineering computing;deep reinforcement learning;truck-trailer combination;lane change decision making;highway driving;convolutional neural network;deep Q-network agent;automated speed decision making;Decision making;Roads;Neurons;Markov processes;Accelerated aging}, 
doi={10.1109/ITSC.2018.8569568}, 
ISSN={2153-0017}, 
}

% Done
@unpublished{Shalev2016,
  author    = {Shai Shalev{-}Shwartz and
               Shaked Shammah and
               Amnon Shashua},
  title     = {Safe, Multi-Agent, Reinforcement Learning for Autonomous Driving},
  note    = {arXiv:1610.03295},
  year      = {2016},
}

% Done
@INPROCEEDINGS{Tram2018, 
author={T. {Tram} and A. {Jansson} and R. {Gr\"{o}nberg} and M. {Ali} and J. {Sj\"{o}berg}}, 
booktitle={Proceedings of the 21st IEEE International Conference on Intelligent Transportation Systems (ITSC)}, 
title={Learning Negotiating Behavior Between Cars in Intersections using Deep {Q}-Learning}, 
year={2018}, 
volume={}, 
number={}, 
pages={3169--3174}, 
}

% Done
@INPROCEEDINGS{Mukadam2017, 
author={M. Mukadam and A. Cosgun and A. Nakhaei and K. Fujimura}, 
booktitle={Proceedings of the Workshop on Machine Learning for Intelligent Transportation Systems, 32nd Conference on Neural Information Processing Systems (NeurIPS)}, 
title={Tactical Decision Making for Lane Changing with Deep Reinforcement Learning}, 
year={2017}, 
volume={}, 
number={}, 
pages={},}

% Done
@INPROCEEDINGS{Isele2018,
  author={Isele, David and Rahimi, Reza and Cosgun, Akansel and Subramanian, Kaushik and Fujimura, Kikuo},
  booktitle={Proceedings of the IEEE International Conference on Robotics and Automation (ICRA)},
  title={Navigating Occluded Intersections with Autonomous Vehicles Using Deep Reinforcement Learning}, 
  year={2018},
  volume={},
  number={},
  pages={2034--2039},
  doi={10.1109/ICRA.2018.8461233}}

% Done
@book{Kochenderfer2015,
 author = {Kochenderfer, Mykel J.},
 title = {Decision Making Under Uncertainty: Theory and Application},
 year = {2015},
 isbn = {0262029251, 9780262029254},
 publisher = {MIT Press},
}

% Done
@ARTICLE{Browne2012,
  author={Browne, Cameron B. and Powley, Edward and Whitehouse, Daniel and Lucas, Simon M. and Cowling, Peter I. and Rohlfshagen, Philipp and Tavener, Stephen and Perez, Diego and Samothrakis, Spyridon and Colton, Simon},
  journal={IEEE Transactions on Computational Intelligence and AI in Games}, 
  title={A Survey of {Monte} {Carlo} Tree Search Methods}, 
  year={2012},
  volume={4},
  number={1},
  pages={1-43},
  doi={10.1109/TCIAIG.2012.2186810}}



% Done
@article{Silver2017chess,
  author    = {David Silver and Thomas Hubert and Julian Schrittwieser and Ioannis Antonoglou and Matthew Lai and Arthur Guez and Marc Lanctot and Laurent Sifre and Dharshan Kumaran and Thore Graepel and Timothy Lillicrap and Karen Simonyan and Demis Hassabis},
  title     = {A general reinforcement learning algorithm that masters chess, shogi,
and {Go} through self-play},
  journal   = {Science},
  volume    = {362},
  issue = {6419},
  year      = {2018},
  pages = {1140--1144}
}

% Done
@INPROCEEDINGS{Lillicrap2015,
      title={Continuous control with deep reinforcement learning}, 
      author={Timothy P. Lillicrap and Jonathan J. Hunt and Alexander Pritzel and Nicolas Heess and Tom Erez and Yuval Tassa and David Silver and Daan Wierstra},
      booktitle={Proceedings of the 4th International Conference on Learning Representations (ICLR)},
      year={2016},
}

% Done
@article{Silver2017,
  author = {Silver, David and Schrittwieser, Julian and Simonyan, Karen and Antonoglou, Ioannis and Huang, Aja and Guez, Arthur and Hubert, Thomas and Baker, Lucas and Lai, Matthew and Bolton, Adrian and Chen, Yutian and Lillicrap, Timothy and Hui, Fan and Sifre, Laurent and van den Driessche, George and Graepel, Thore and Hassabis, Demis},
  journal = {Nature},
  pages = {354--359},
  title = {Mastering the game of {Go} without human knowledge},
  volume = 550,
  year = 2017
}


@INPROCEEDINGS{MCTSatari,
title = {Deep Learning for Real-Time Atari Game Play Using Offline Monte-Carlo Tree Search Planning},
author = {Guo, Xiaoxiao and others},
booktitle = {Advances in Neural Information Processing Systems 27},
pages = {3338--3346},
year = {2014},
publisher = {Curran Associates, Inc.},
}


@article{thinkingFast,
  author    = {Thomas Anthony and
               Zheng Tian and
               David Barber},
  title     = {Thinking Fast and Slow with Deep Learning and Tree Search},
  journal   = {CoRR},
  volume    = {abs/1705.08439},
  year      = {2017},
  url       = {http://arxiv.org/abs/1705.08439},
  archivePrefix = {arXiv},
  eprint    = {1705.08439},
  timestamp = {Wed, 07 Jun 2017 14:40:10 +0200},
  biburl    = {https://dblp.org/rec/bib/journals/corr/AnthonyTB17},
  bibsource = {dblp computer science bibliography, https://dblp.org}
}


@book{Thrun2005,
 author = {Thrun, Sebastian and Burgard, Wolfram and Fox, Dieter},
 title = {Probabilistic Robotics},
 year = {2005},
 isbn = {0262201623},
 publisher = {MIT Press},
}

% Done
@InProceedings{Couetoux2011,
author="Cou{\"e}toux, Adrien
and Hoock, Jean-Baptiste
and Sokolovska, Nataliya
and Teytaud, Olivier
and Bonnard, Nicolas",
title="Continuous Upper Confidence Trees",
booktitle="Proceedings of the International Conference on Learning and Intelligent Optimization",
year="2011",
pages="433--445",
isbn="978-3-642-25566-3"
}

% Done
@book{Sutton2018,
  author = {Sutton, Richard S. and Barto, Andrew G.},
  edition = {2},
  publisher = {MIT Press},
  title = {Reinforcement Learning: An Introduction},
  year = {2018 }
}

% Done
@article{IDM,
      author        = "Treiber, M and Hennecke, A and Helbing, D",
      title         = "Congested Traffic States in Empirical Observations and
                       Microscopic Simulations",
      journal       = "Physical Review E",
      volume        = "62",
      pages         = "1805-1824",
      year          = "2000",
}

% Done
@article{MOBIL,
author = {Kesting, Arne and Treiber, Martin and Helbing, Dirk},
title = {General Lane-Changing Model {MOBIL} for Car-Following Models},
journal = {Transportation Research Record},
volume = {1999},
number = {},
pages = {86--94},
year = {2007},
doi = {10.3141/1999-10}
}

@incollection{ModelParameters,
author = {Kesting, Arne and Treiber, Martin and Helbing, Dirk},
editor = {Uhrmacher, Adelinde M. and Weyns, Danny},
year = {2009},
pages = {325-356},
title = {Agents for Traffic Simulation},
booktitle = {Multi-Agent Systems: Simulation and Applications},
publisher = {CRC Press},
doi = {10.1201/9781420070248.ch11}
}



@article{Ruder2016,
  author    = {Sebastian Ruder},
  title     = {An overview of gradient descent optimization algorithms},
  journal   = {CoRR},
  volume    = {abs/1609.04747},
  year      = {2016},
  url       = {http://arxiv.org/abs/1609.04747},
  archivePrefix = {arXiv},
  eprint    = {1609.04747},
  timestamp = {Mon, 13 Aug 2018 16:48:10 +0200},
  biburl    = {https://dblp.org/rec/bib/journals/corr/Ruder16},
  bibsource = {dblp computer science bibliography, https://dblp.org}
}

% Done
@unpublished{Ulbrich2017,
  title={Towards a Functional System Architecture for Automated Vehicles},
  author={Simon Ulbrich and Andreas Reschka and Jens Rieken and Susanne Ernst and Gerrit Bagschik and Frank Dierkes and Marcus Nolte and Markus Maurer},
  year={2017},
  note={arXiv:1703.08557}
}


% Done
@article{Mnih2015,
  added-at = {2015-08-26T14:46:40.000+0200},
  author = {Mnih, Volodymyr and others},
  biburl = {https://www.bibsonomy.org/bibtex/2fb15f4471c81dc2b9edf2304cb2f7083/hotho},
  description = {Human-level control through deep reinforcement learning - nature14236.pdf},
  interhash = {eac59980357d99db87b341b61ef6645f},
  intrahash = {fb15f4471c81dc2b9edf2304cb2f7083},
  issn = {00280836},
  journal = {Nature},
  keywords = {deep learning toread},
  number = 7540,
  pages = {529--533},
  publisher = {Nature Publishing Group, a division of Macmillan Publishers Limited. All Rights Reserved.},
  timestamp = {2015-08-26T14:46:40.000+0200},
  title = {Human-level control through deep reinforcement learning},
  volume = 518,
  year = 2015
}

%Done
@inproceedings{Ng2000,
 author = {Ng, Andrew Y. and Russell, Stuart J.},
 title = {Algorithms for Inverse Reinforcement Learning},
 booktitle = {Proceedings of the 17th International Conference on Machine Learning (ICML)},
 year = {2000},
 isbn = {1-55860-707-2},
 pages = {663--670},
 numpages = {8},
 url = {http://dl.acm.org/citation.cfm?id=645529.657801},
 acmid = {657801},
} 

% Done
@incollection{Underwood2016,
author="Underwood, Steven and Bartz, Daniel and Kade, Alex and Crawford, Mark",
editor="Meyer, Gereon
and Beiker, Sven",
title="Truck Automation: Testing and Trusting the Virtual Driver",
booktitle="Road Vehicle Automation 3",
year="2016",
publisher="Springer",
pages="91--109",
isbn="978-3-319-40503-2"
}

% Done
@book{Holland1975,
  author        = "John H. Holland",
  title         = "Adaptation in Natural and Artificial Systems",
  publisher     = "University of Michigan Press",
  year          = "1975"
}

% Done
@phdthesis{Ahmed1999,
  title={Modeling drivers' acceleration and lane changing behavior},
  author={Kazi Iftekhar Ahmed},
  year={1999},
  school={Massachusetts Institute of Technology}
}

% Done
@Article{Watkins1992,
author="Watkins, Christopher J. C. H.
and Dayan, Peter",
title="Q-learning",
journal="Machine Learning",
year="1992",
day="01",
volume="8",
number="3",
pages="279--292",
}

@article{Arora2018,
  author    = {Saurabh Arora and
               Prashant Doshi},
  title     = {A Survey of Inverse Reinforcement Learning: Challenges, Methods and
               Progress},
  journal   = {CoRR},
  volume    = {abs/1806.06877},
  year      = {2018},
  url       = {http://arxiv.org/abs/1806.06877},
  archivePrefix = {arXiv},
  eprint    = {1806.06877},
  timestamp = {Mon, 13 Aug 2018 16:46:37 +0200},
  biburl    = {https://dblp.org/rec/bib/journals/corr/abs-1806-06877},
  bibsource = {dblp computer science bibliography, https://dblp.org}
}

@inproceedings{Hester2018,
  author    = {Todd Hester and others},
  title     = {Deep {Q}-learning From Demonstrations},
  booktitle = {{AAAI} Conference on Artificial Intelligence},
  pages     = {3223--3230},
  year      = {2018},
  url       = {https://www.aaai.org/ocs/index.php/AAAI/AAAI18/paper/view/16976},
  timestamp = {Tue, 23 Oct 2018 06:42:15 +0200},
  biburl    = {https://dblp.org/rec/bib/conf/aaai/HesterVPLSPHQSO18},
  bibsource = {dblp computer science bibliography, https://dblp.org}
}

% Done
@article{LeCun2015,
  author    = {Yann LeCun and
               Yoshua Bengio and
               Geoffrey E. Hinton},
  title     = {Deep learning},
  journal   = {Nature},
  volume    = {521},
  number    = {7553},
  pages     = {436--444},
  year      = {2015},
}


% Done
@article{Dijkstra1959,
  title={A note on two problems in connexion with graphs},
  author={Dijkstra, Edsger W},
  journal={Numerische Mathematik},
  volume={1},
  number={1},
  pages={269--271},
  year={1959},
  publisher={Springer}
}

% Done
@article{Hart1968,
  doi = {10.1109/tssc.1968.300136},
  url = {https://doi.org/10.1109/tssc.1968.300136},
  year = {1968},
  publisher = {Institute of Electrical and Electronics Engineers ({IEEE})},
  volume = {4},
  number = {2},
  pages = {100--107},
  author = {Peter Hart and Nils Nilsson and Bertram Raphael},
  title = {A Formal Basis for the Heuristic Determination of Minimum Cost Paths},
  journal = {{IEEE} Transactions on Systems Science and Cybernetics}
}

% Done
@article{Bacha2008,
author = {Bacha, Andrew and Bauman, Cheryl and Faruque, Ruel and Fleming, Michael and Terwelp, Chris and Reinholtz, Charles and Hong, Dennis and Wicks, Al and Alberi, Thomas and Anderson,, David and Cacciola, Stephen and Currier,, Patrick and Dalton, Aaron and Farmer, Jesse and Hurdus, Jesse and Kimmel, Shawn and King, Peter and Taylor, Andrew and Covern, David Van and Webster, Mike},
title = {Odin: Team {VictorTango's} entry in the {DARPA} Urban Challenge},
journal = {Journal of Field Robotics},
volume = {25},
number = {8},
pages = {467--492},
year = {2008}
}

% Done
@TECHREPORT{Lavalle1998,
    author = {Steven M. Lavalle},
    title = {Rapidly-Exploring Random Trees: A New Tool for Path Planning},
    institution = {Iowa State University},
    year = {1998}
}


% Done
@INPROCEEDINGS{Karaman2011,
  author={Karaman, Sertac and Walter, Matthew R. and Perez, Alejandro and Frazzoli, Emilio and Teller, Seth},
  booktitle={Proceedings of the IEEE International Conference on Robotics and Automation (ICRA)},
  title={Anytime Motion Planning using the {RRT*}}, 
  year={2011},
  volume={},
  number={},
  pages={1478--1483},
  doi={10.1109/ICRA.2011.5980479}}
  
% Done
@ARTICLE{Gonzales2016,
author={González, David and Pérez, Joshué and Milanés, Vicente and Nashashibi, Fawzi},
journal={IEEE Transactions on Intelligent Transportation Systems}, 
title={A Review of Motion Planning Techniques for Automated Vehicles}, 
year={2016},
volume={17},
number={4},
pages={1135-1145},
doi={10.1109/TITS.2015.2498841}}

% Done
@ARTICLE{Paden2016,
author={Paden, Brian and Čáp, Michal and Yong, Sze Zheng and Yershov, Dmitry and Frazzoli, Emilio},
journal={IEEE Transactions on Intelligent Vehicles}, 
title={A Survey of Motion Planning and Control Techniques for Self-Driving Urban Vehicles}, 
year={2016},
volume={1},
number={1},
pages={33-55},
doi={10.1109/TIV.2016.2578706}}

% Done
@INPROCEEDINGS{Bansal2019, 
AUTHOR    = {Mayank Bansal AND Alex Krizhevsky AND Abhijit Ogale}, 
TITLE     = {{ChauffeurNet}: Learning to Drive by Imitating the Best and Synthesizing the Worst},
BOOKTITLE = {Proceedings of Robotics: Science and Systems}, 
YEAR      = {2019}, 
DOI       = {10.15607/RSS.2019.XV.031} 
} 

% Done
@INPROCEEDINGS{Kuefler2017,
  author={Kuefler, Alex and Morton, Jeremy and Wheeler, Tim and Kochenderfer, Mykel J},
  booktitle={Proceedings of the IEEE Intelligent Vehicles Symposium (IV)}, 
  title={Imitating driver behavior with generative adversarial networks}, 
  year={2017},
  volume={},
  number={},
  pages={204--211},
  doi={10.1109/IVS.2017.7995721}}

% Done
 @inproceedings{Ho2016,
 author = {Ho, Jonathan and Ermon, Stefano},
 booktitle = {Proceedings of the 29th Conference on Neural Information Processing Systems (NeurIPS)},
 pages = {},
 title = {Generative Adversarial Imitation Learning},
 url = {https://proceedings.neurips.cc/paper/2016/file/cc7e2b878868cbae992d1fb743995d8f-Paper.pdf},
year = {2016}
}

% Done
@INPROCEEDINGS{Kelly2019,
  author={Kelly, Michael and Sidrane, Chelsea and Driggs-Campbell, Katherine and Kochenderfer, Mykel J.},
  booktitle={Proceedings of the IEEE International Conference on Robotics and Automation (ICRA)},
  title={{HG-DAgger}: {Interactive} Imitation Learning with Human Experts}, 
  year={2019},
  volume={},
  number={},
  pages={8077--8083},
  doi={10.1109/ICRA.2019.8793698}}
  
% Done
@InProceedings{Ross2011,
  title = 	 {A Reduction of Imitation Learning and Structured Prediction to No-Regret Online Learning},
  author = 	 {Ross, Stephane and Gordon, Geoffrey and Bagnell, Drew},
  booktitle = 	 {Proceedings of the 14th International Conference on Artificial Intelligence and Statistics},
  pages = 	 {627--635},
  year = 	 {2011},
}

% Done
@inproceedings{Pomerleau1989,
  author = {Pomerleau, Dean A.},
  booktitle = {Proceedings of the 1st Conference on Neural Information Processing Systems (NeurIPS)},
  pages = {305--313},
  priority = {2},
  title = {{ALVINN}: An Autonomous Land Vehicle in a Neural Network},
  year = 1989
}

@INPROCEEDINGS{Ng1999,
    author = {Andrew Y. Ng and Daishi Harada and Stuart Russell},
    title = {Policy invariance under reward transformations: Theory and application to reward shaping},
    booktitle = {In Proceedings of the Sixteenth International Conference on Machine Learning},
    year = {1999},
    pages = {278--287},
    publisher = {Morgan Kaufmann}
}

% Done
@INPROCEEDINGS{Ziebart2009,
  author={Ziebart, Brian D. and Ratliff, Nathan and Gallagher, Garratt and Mertz, Christoph and Peterson, Kevin and Bagnell, J. Andrew and Hebert, Martial and Dey, Anind K. and Srinivasa, Siddhartha},
  booktitle={Proceedings of the IEEE/RSJ International Conference on Intelligent Robots and Systems (IROS)}, 
  title={Planning-based prediction for pedestrians}, 
  year={2009},
  volume={},
  number={},
  pages={3931--3936},
  doi={10.1109/IROS.2009.5354147}}
  
% Done
@INPROCEEDINGS{Sun2019,
author={Sun, Liting and Zhan, Wei and Chan, Ching-Yao and Tomizuka, Masayoshi},
booktitle={Proceedings of the IEEE Intelligent Vehicles Symposium (IV)}, 
title={Behavior Planning of Autonomous Cars with Social Perception}, 
year={2019},
volume={},
number={},
pages={207--213},
doi={10.1109/IVS.2019.8814223}}

% Done
@INPROCEEDINGS{Sadigh2016, 
    AUTHOR    = {Dorsa Sadigh AND Shankar Sastry AND Sanjit A. Seshia AND Anca D. Dragan}, 
    TITLE     = {Planning for Autonomous Cars that Leverage Effects on Human Actions}, 
    BOOKTITLE = {Proceedings of Robotics: Science and Systems}, 
    YEAR      = {2016}, 
    DOI       = {10.15607/RSS.2016.XII.029} 
} 

% Done
@INPROCEEDINGS{Kuderer2015,
  author={Kuderer, Markus and Gulati, Shilpa and Burgard, Wolfram},
  booktitle={Proceedings of the IEEE International Conference on Robotics and Automation (ICRA)},
  title={Learning driving styles for autonomous vehicles from demonstration}, 
  year={2015},
  volume={},
  number={},
  pages={2641--2646},
  doi={10.1109/ICRA.2015.7139555}}
  
% Done
@inproceedings{Sharifzadeh2016,
author = {Sharifzadeh, Sahand and Chiotellis, John and Triebel, Rudolph and Cremers, Daniel},
year = {2016},
pages = {},
title = {Learning to Drive using Inverse Reinforcement Learning and Deep {Q}-Networks},
booktitle={Proceedings of the Workshop on Deep Learning for Action and Interaction, 29th Conference on Neural Information Processing Systems (NeurIPS)}, 
}

% Done
@inproceedings{Wang2019,
  title={Decision Making for Autonomous Driving Via Augmented Adversarial Inverse Reinforcement Learning},
  author={P. Wang and D. Liu and Jiayu Chen and Hanhan Li and Chingyao Chan},
  booktitle={Proceedings of the IEEE International Conference on Robotics and Automation (ICRA)},
  year={2021}
}

% Done
@unpublished{Zhu2021,
  title={A Survey of Deep {RL} and {IL} for Autonomous Driving Policy Learning}, 
  author={Zeyu Zhu and Huijing Zhao},
  year={2021},
  note = {arXiv:2101.01993}
}

% Done
@unpublished{Ye2021,
      title={A Survey of Deep Reinforcement Learning Algorithms for Motion Planning and Control of Autonomous Vehicles}, 
      author={Fei Ye and Shen Zhang and Pin Wang and Ching-Yao Chan},
      year={2021},
      note={arXiv:2105.14218}
}

% Done
@ARTICLE{Kiran2021,
  author={Kiran, B Ravi and Sobh, Ibrahim and Talpaert, Victor and Mannion, Patrick and Sallab, Ahmad A. Al and Yogamani, Senthil and Pérez, Patrick},
  journal={IEEE Transactions on Intelligent Transportation Systems}, 
  title={Deep Reinforcement Learning for Autonomous Driving: A Survey}, 
  year={2021},
  volume={},
  number={},
  pages={1--18},
  doi={10.1109/TITS.2021.3054625}}
 
 % Done
 @inproceedings{Pan2017,
  author    = {Xinlei Pan and
               Yurong You and
               Ziyan Wang and
               Cewu Lu},
  title     = {Virtual to Real Reinforcement Learning for Autonomous Driving},
  booktitle={Proceedings of the 28th British Machine Vision Conference (BMVC)},
  year      = {2017},
  pages={11.1-11.13},
}

% Done
@INPROCEEDINGS{Kendall2019,
author={Alex Kendall and Jeffrey Hawke and David Janz and Przemyslaw Mazur and Daniele Reda and John-Mark Allen and Vinh-Dieu Lam and Alex Bewley and Amar Shah},
booktitle={Proceedings of the IEEE International Conference on Robotics and Automation (ICRA)}, 
title={Learning to Drive in a Day},
year={2019},
volume={},
number={},
pages={8248--8254},
doi={10.1109/ICRA.2019.8793742},
ISSN={1050-4729},
}

% Done
@INPROCEEDINGS{Wang2019_ddpg,
  author={Wang, Pin and Li, Hanhan and Chan, Ching-Yao},
  booktitle={Proceedings of the IEEE Intelligent Vehicles Symposium (IV)}, 
  title={Continuous Control for Automated Lane Change Behavior Based on Deep Deterministic Policy Gradient Algorithm}, 
  year={2019},
  volume={},
  number={},
  pages={1454-1460},
  doi={10.1109/IVS.2019.8813903}}

% Done
@INPROCEEDINGS{Chen2019,
  author={Chen, Jianyu and Yuan, Bodi and Tomizuka, Masayoshi},
  booktitle={Proceedings of the 22nd IEEE Intelligent Transportation Systems Conference (ITSC)}, 
  title={Model-free Deep Reinforcement Learning for Urban Autonomous Driving}, 
  year={2019},
  volume={},
  number={},
  pages={2765--2771},
  doi={10.1109/ITSC.2019.8917306}}
 
% Done
@inproceedings{Bouton2019,
author = {Bouton, Maxime and Karlsson, Jesper and Nakhaei, Alireza and Fujimura, Kikuo and Kochenderfer, Mykel J and Tumova, Jana},
year = {2018},
pages = {},
title = {Reinforcement Learning with Probabilistic Guarantees for Autonomous Driving},
booktitle = {Proceedings of the Workshop on Safety, Risk and Uncertainty in Reinforcement Learning, 34th Conference on Uncertainty in Artificial Intelligence (UAI)}
}

% Done
@inproceedings{Hessel2018,
  author = {Hessel, Matteo and Modayil, Joseph and van Hasselt, Hado and Schaul, Tom and Ostrovski, Georg and Dabney, Will and Horgan, Dan and Piot, Bilal and Azar, Mohammad Gheshlaghi and Silver, David},
  biburl = {https://www.bibsonomy.org/bibtex/259353415df5f6b466b1c4bd912ddd030/dblp},
  booktitle = {Proceedings of the 32nd AAAI Conference on Artificial Intelligence},
  pages = {3215--3222},
  timestamp = {2018-10-24T11:38:24.000+0200},
  title = {Rainbow: Combining Improvements in Deep Reinforcement Learning},
  url = {http://dblp.uni-trier.de/db/conf/aaai/aaai2018.html#HesselMHSODHPAS18},
  year = 2018
}

% Done
@inproceedings{Osband2016,
title = {Deep Exploration via Bootstrapped {DQN}},
author = {Osband, Ian and Blundell, Charles and Pritzel, Alexander and Van Roy, Benjamin},
booktitle = {Proceedings of the 29th Conference on Neural Information Processing Systems (NeurIPS)},
year = {2016},
}

% Done
@inproceedings{Osband2018,
author = {Osband, Ian and Aslanides, John and Cassirer, Albin},
title = {Randomized Prior Functions for Deep Reinforcement Learning},
year = {2018},
booktitle = {Proceedings of the 31st Conference on Neural Information Processing Systems (NeurIPS)},
}

%Done
@techreport{WHO2018,
author = {Nhan Tran and others},
title = {Global status report on road safety 2018},
institution = {World Health Organization},
year = {2018},
}
%note = {Online: \url{https://www.who.int/publications/i/item/9789241565684}}

% Done
@techreport{NHTSA2018,
author = {Santokh Singh},
title = {Critical Reasons for Crashes Investigated in the National Motor Vehicle Crash Causation Survey},
institution = {National Highway Traffic Safety Administration},
year = {2018},
number = {DOT HS 812 506}
}
%note = {Online: \url{https://crashstats.nhtsa.dot.gov/api/public/viewpublication/812506}},

% Done
@book{Russel2010,
  added-at = {2020-02-01T18:23:11.000+0100},
  author = {Russell, Stuart and Norvig, Peter},
  biburl = {https://www.bibsonomy.org/bibtex/20533b732950d1c5ab4ac12d4f32fe637/mialhoma},
  edition = 3,
  interhash = {53908a52dd4c6c8e39f93f4ffc8341be},
  intrahash = {0533b732950d1c5ab4ac12d4f32fe637},
  keywords = {ties4530},
  publisher = {Prentice Hall},
  timestamp = {2020-02-01T18:23:11.000+0100},
  title = {Artificial Intelligence: A Modern Approach},
  year = 2010
}

% Done
@INPROCEEDINGS{Bhattacharyya2018,
  author={Bhattacharyya, Raunak P. and Phillips, Derek J. and Wulfe, Blake and Morton, Jeremy and Kuefler, Alex and Kochenderfer, Mykel J.},
  booktitle={Proceedings of the IEEE/RSJ International Conference on Intelligent Robots and Systems (IROS)}, 
  title={Multi-Agent Imitation Learning for Driving Simulation}, 
  year={2018},
  volume={},
  number={},
  pages={1534--1539},
  doi={10.1109/IROS.2018.8593758}}
  
% Done
@article{Ecoffet2021,
  title={First return then explore},
  author={Adrien Ecoffet and Joost Huizinga and J. Lehman and Kenneth O. Stanley and J. Clune},
  journal={Nature},
  year={2021},
  volume={590},
  pages={580--586}
}

% Done
@BOOK{Janai2020,
  author={Janai, Joel and Güney, Fatma and Behl, Aseem and Geiger, Andreas},
  title={Computer Vision for Autonomous Vehicles: Problems, Datasets and State of the Art},
  year={2020},
  publisher = {Now Publishers Inc.},
  volume={},
  number={},
  pages={},
  doi={}}
  
  
% Done
@misc{sourceCodePaper4,
  title = 	 {Source code for `{Tactical} Decision-Making in Autonomous Driving by Reinforcement Learning with Uncertainty Estimation'},
  author = 	 {Hoel, C. J.},
  year = {2020},
  note = {\url{https://github.com/carljohanhoel/BayesianRLForAutonomousDriving}},
}

% Done
@misc{sourceCodePaper6,
  title = 	 {Source code for `{Ensemble} Quantile Networks: {Uncertainty}-Aware Reinforcement Learning with Applications in Autonomous Driving'},
  author = 	 {{Hoel}, C. J.},
  year = {2021},
  note = {\url{https://github.com/carljohanhoel/EnsembleQuantileNetworks}},
}

% Done
@INPROCEEDINGS{Torngren2018,
  author={Törngren, Martin and Zhang, Xinhai and Mohan, Naveen and Becker, Matthias and Svensson, Lars and Tao, Xin and Chen, De-Jiu and Westman, Jonas},
  booktitle={Proceedings of the 21st International Conference on Intelligent Transportation Systems (ITSC)}, 
  title={Architecting Safety Supervisors for High Levels of Automated Driving}, 
  year={2018},
  volume={},
  number={},
  pages={1721--1728},
  doi={10.1109/ITSC.2018.8569945}}
  
% Done
@INPROCEEDINGS{Svensson2018,
  author={Svensson, Lars and Masson, Lola and Mohan, Naveen and Ward, Erik and Brenden, Anna Pernestål and Feng, Lei and Törngren, Martin},
  booktitle={Proceedings of the IEEE Intelligent Vehicles Symposium (IV)}, 
  title={Safe Stop Trajectory Planning for Highly Automated Vehicles: An Optimal Control Problem Formulation}, 
  year={2018},
  volume={},
  number={},
  pages={517--522},
  doi={10.1109/IVS.2018.8500536}}

% Done  
@unpublished{Leurent2018,
      title={A Survey of State-Action Representations for Autonomous Driving}, 
      author={Edouard Leurent and Yann Blanco and Denis Efimov and Odalric-Ambrym Maillard},
      year={2018},
      note = {hal-01908175}
}


% Done
@article{Kiureghian2009,
title = {Aleatory or epistemic? {Does} it matter?},
journal = {Structural Safety},
volume = {31},
number = {2},
pages = {105--112},
year = {2009},
issn = {0167-4730},
doi = {https://doi.org/10.1016/j.strusafe.2008.06.020},
url = {https://www.sciencedirect.com/science/article/pii/S0167473008000556},
author = {Armen Der Kiureghian and Ove Ditlevsen},
}

% Done
@InProceedings{Bellemare2017,
  title = 	 {A Distributional Perspective on Reinforcement Learning},
  author =       {Marc G. Bellemare and Will Dabney and R{\'e}mi Munos},
  booktitle = 	 {Proceedings of the 34th International Conference on Machine Learning (ICML)},
  pages = 	 {449--458},
  year = 	 {2017},
}

% Done
@InProceedings{Dabney2018,
  title = 	 {Implicit Quantile Networks for Distributional Reinforcement Learning},
  author =       {Dabney, Will and Ostrovski, Georg and Silver, David and Munos, Remi},
  booktitle = 	 {Proceedings of the 35th International Conference on Machine Learning (ICML)},
  pages = 	 {1096--1105},
  year = 	 {2018},
}

% Done
@inproceedings{Dabney_QR,
  author    = {Will Dabney and
               Mark Rowland and
               Marc G. Bellemare and
               R{\'{e}}mi Munos},
    title     = {Distributional Reinforcement Learning With Quantile Regression},
  booktitle = {Proceedings of the 32nd AAAI Conference on Artificial Intelligence},
  pages     = {2892--2901},
  year      = {2018},
}

% Done
@article{Huber1964,
author = {Peter J. Huber},
title = {Robust Estimation of a Location Parameter},
volume = {35},
journal = {The Annals of Mathematical Statistics},
number = {1},
publisher = {Institute of Mathematical Statistics},
pages = {73--101},
year = {1964},
}


% ----------- IVO Thesis -----------------

@article{Bojarski2016EndCars,
	title = {{End to End Learning for Self-Driving Cars}},
	year = {2016},
	author = {Bojarski, Mariusz and Del Testa, Davide and Dworakowski, Daniel and Firner, Bernhard and Flepp, Beat and Goyal, Prasoon and Jackel, Lawrence D. and Monfort, Mathew and Muller, Urs and Zhang, Jiakai and Zhang, Xin and Zhao, Jake and Zieba, Karol},
	isbn = {9781450351867},
	arxivId = {1604.07316}
}

% Done
@incollection{Michon1985,
author="Michon, John A.",
title="A Critical View of Driver Behavior Models: What Do We Know, What Should We Do?",
editor="Evans, L. and Schwing, R.C.",
bookTitle="Human Behavior and Traffic Safety",
year="1985",
publisher="Springer",
pages="485--524",
isbn="978-1-4613-2173-6",
doi="10.1007/978-1-4613-2173-6_19",
url="https://doi.org/10.1007/978-1-4613-2173-6_19"
}

% Done
@article{FAGNANT2015167,
title = "Preparing a nation for autonomous vehicles: Opportunities, barriers and policy recommendations",
journal = "Transportation Research Part A: Policy and Practice",
volume = "77",
pages = "167--181",
year = "2015",
issn = "0965-8564",
doi = "https://doi.org/10.1016/j.tra.2015.04.003",
author = "Daniel J. Fagnant and Kara Kockelman",
}

% Done
@article{darpaCMU,
author = {Urmson, Chris and Anhalt, Joshua and Bagnell, Drew and Baker, Christopher and Bittner, Robert and Clark, M. N. and Dolan, John and Duggins, Dave and Galatali, Tugrul and Geyer, Chris and Gittleman, Michele and Harbaugh, Sam and Hebert, Martial and Howard, Thomas M. and Kolski, Sascha and Kelly, Alonzo and Likhachev, Maxim and McNaughton, Matt and Miller, Nick and Peterson, Kevin and Pilnick, Brian and Rajkumar, Raj and Rybski, Paul and Salesky, Bryan and Seo, Young-Woo and Singh, Sanjiv and Snider, Jarrod and Stentz, Anthony and Whittaker, William and Wolkowicki, Ziv and Ziglar, Jason and Bae, Hong and Brown, Thomas and Demitrish, Daniel and Litkouhi, Bakhtiar and Nickolaou, Jim and Sadekar, Varsha and Zhang, Wende and Struble, Joshua and Taylor, Michael and Darms, Michael and Ferguson, Dave},
 title = {Autonomous Driving in Urban Environments: Boss and the Urban Challenge},
 journal = {Journal of Field Robotics},
 issue_date = {August 2008},
 volume = {25},
 number = {8},
 year = {2008},
 issn = {1556-4959},
 pages = {425--466},
 numpages = {42},
 url = {http://dx.doi.org/10.1002/rob.v25:8},
 doi = {10.1002/rob.v25:8},
 acmid = {1395077},
 publisher = {John Wiley and Sons Ltd.},
 address = {Chichester, UK},
}

% Done
@article{darpaStanford,
  AUTHOR	= {M. Montemerlo and J. Becker and S. Bhat and H. Dahlkamp 
                   and D. Dolgov and S. Ettinger and D. Haehnel and 
                   T. Hilden and G. Hoffmann and B. Huhnke and D. Johnston 
                   and S. Klumpp and D. Langer and A. Levandowski and 
                   J. Levinson and J. Marcil and D. Orenstein and 
                   J. Paefgen and I. Penny and A. Petrovskaya and 
                   M. Pflueger and G. Stanek and D. Stavens and A. Vogt 
                   and S. Thrun},
 title = {Junior: The {Stanford} Entry in the Urban Challenge},
 journal = {Journal of Field Robotics},
 issue_date = {September 2008},
 volume = {25},
 number = {9},
 year = {2008},
 issn = {1556-4959},
 pages = {569--597},
 numpages = {29},
 url = {http://dx.doi.org/10.1002/rob.v25:9},
 doi = {10.1002/rob.v25:9},
 acmid = {1405651},
 publisher = {John Wiley and Sons Ltd.},
 address = {Chichester, UK},
}


@ARTICLE{Ardelt2012, 
author={M. Ardelt and C. Coester and N. Kaempchen}, 
journal={IEEE Transactions on Intelligent Transportation Systems}, 
title={Highly Automated Driving on Freeways in Real Traffic Using a Probabilistic Framework}, 
year={2012}, 
volume={13}, 
number={4}, 
pages={1576-1585},
doi={10.1109/TITS.2012.2196273}, 
ISSN={1524-9050}, 
}

% Done
@INPROCEEDINGS{Ulbrich2015, 
author={S. Ulbrich and M. Maurer}, 
booktitle={Proceedings of the 18th IEEE International Conference on Intelligent Transportation Systems (ITSC)}, 
title={Towards Tactical Lane Change Behavior Planning for Automated Vehicles}, 
year={2015}, 
volume={}, 
number={}, 
pages={989--995}, 
doi={10.1109/ITSC.2015.165}, 
ISSN={2153-0017}, 
}

% Done
@INPROCEEDINGS{Sunberg2017, 
author={Z. N. Sunberg and C. J. Ho and M. J. Kochenderfer}, 
booktitle={Proceedings of the American Control Conference (ACC)}, 
title={The value of inferring the internal state of traffic participants for autonomous freeway driving}, 
year={2017}, 
volume={}, 
number={}, 
pages={3004--3010}, 
doi={10.23919/ACC.2017.7963408}, 
ISSN={}, 
}

@INPROCEEDINGS{Lenz2016, 
author={D. Lenz and T. Kessler and A. Knoll}, 
booktitle={2016 IEEE Intelligent Vehicles Symposium (IV)}, 
title={Tactical cooperative planning for autonomous highway driving using Monte-Carlo Tree Search}, 
year={2016}, 
volume={}, 
number={}, 
pages={447-453}, 
ISSN={}, 
}

% Done
@INPROCEEDINGS{Sonu2018, 
author={E. Sonu and Z. Sunberg and M. J. Kochenderfer}, 
booktitle={Proceedings of the IEEE Intelligent Vehicles Symposium (IV)}, 
title={Exploiting Hierarchy for Scalable Decision Making in Autonomous Driving}, 
year={2018}, 
volume={}, 
number={}, 
pages={2203--2208}, 
doi={10.1109/IVS.2018.8500681}, 
ISSN={1931-0587}, 
}

% Done
@INPROCEEDINGS{Brechtel2014, 
author={S. Brechtel and T. Gindele and R. Dillmann}, 
booktitle={Proceedings of the 17th IEEE International Conference on Intelligent Transportation Systems (ITSC)}, 
title={Probabilistic decision-making under uncertainty for autonomous driving using continuous {POMDPs}}, 
year={2014}, 
volume={}, 
number={}, 
pages={392-399}, 
doi={10.1109/ITSC.2014.6957722}, 
ISSN={2153-0009}, 
}

% Done
@INPROCEEDINGS{Werling2010, 
author={M. Werling and J. Ziegler and S. Kammel and S. Thrun}, 
booktitle={Proceedings of the IEEE International Conference on Robotics and Automation (ICRA)},
title={Optimal trajectory generation for dynamic street scenarios in a {Fren\'et} Frame}, 
year={2010}, 
volume={}, 
number={}, 
pages={987--993}, 
doi={10.1109/ROBOT.2010.5509799}, 
ISSN={1050-4729}, 
}


@INPROCEEDINGS{Damerow2015, 
author={F. Damerow and J. Eggert}, 
booktitle={Proceedings of the 18th IEEE International Conference on Intelligent Transportation Systems (ITSC)}, 
title={Risk-Aversive Behavior Planning under Multiple Situations with Uncertainty}, 
year={2015}, 
volume={}, 
number={}, 
pages={656-663}, 
doi={10.1109/ITSC.2015.113}, 
ISSN={2153-0017}, 
}


@INPROCEEDINGS{Nilsson2015, 
author={P. {Nilsson} and L. {Laine} and N. {van Duijkeren} and B. {Jacobson}}, 
booktitle={International Symposium on Innovations in Intelligent SysTems and Applications (INISTA)}, 
title={Automated highway lane changes of long vehicle combinations: A specific comparison between driver model based control and non-linear model predictive control}, 
year={2015}, 
volume={}, 
number={}, 
pages={1-8}, 
keywords={acceleration control;brakes;braking;motion control;nonlinear control systems;predictive control;road traffic control;road vehicles;steering systems;vehicle dynamics;velocity control;automated highway lane changes;long vehicle combinations;driver model based control;nonlinear model predictive control;vehicle dynamics performances;automated lane change manoeuvres;simulated highway driving;NMPC;DMC theory;traffic situation predictions;motion variable constraints;actuation requests;steering;propulsion;automated driving approaches;simulation environment;high-fidelity vehicle plant model;surrounding vehicles;vehicle braking;lane change duration;absolute magnitude;longitudinal accelerations;lateral accelerations;longitudinal vehicle speed;Vehicles;Acceleration;Mathematical model;Predictive models;Axles;Roads;Wheels}, 
doi={10.1109/INISTA.2015.7276790}, 
ISSN={}, 
}

% Done
@article{Bai2014,
 author = {Bai, Haoyu and Hsu, David and Lee, Wee Sun},
 title = {Integrated Perception and Planning in the Continuous Space: A {POMDP} Approach},
 journal = {International Journal of Robotics Research},
 issue_date = {August    2014},
 volume = {33},
 number = {9},
 year = {2014},
 issn = {0278-3649},
 pages = {1288--1302},
 numpages = {15},
 url = {http://dx.doi.org/10.1177/0278364914528255},
 doi = {10.1177/0278364914528255},
 acmid = {2675305},
 publisher = {Sage Publications, Inc.},
 address = {Thousand Oaks, CA, USA},
 keywords = {Planning under uncertainty, continuous POMDPs},
} 


@INPROCEEDINGS{Paper2, 
author={C. J. Hoel and K. Wolff and L. Laine}, 
booktitle={IEEE International Conference on Intelligent Transportation Systems (ITSC)}, 
title={Automated Speed and Lane Change Decision Making using Deep Reinforcement Learning}, 
year={2018}, 
volume={}, 
number={}, 
pages={2148-2155}, 
keywords={convolution;decision making;feedforward neural nets;learning (artificial intelligence);road vehicles;traffic engineering computing;deep reinforcement learning;truck-trailer combination;lane change decision making;highway driving;convolutional neural network;deep Q-network agent;automated speed decision making;Decision making;Roads;Neurons;Markov processes;Accelerated aging}, 
doi={10.1109/ITSC.2018.8569568}, 
ISSN={2153-0017}, 
}

% Done
@unpublished{Shalev2016,
  author    = {Shai Shalev{-}Shwartz and
               Shaked Shammah and
               Amnon Shashua},
  title     = {Safe, Multi-Agent, Reinforcement Learning for Autonomous Driving},
  note    = {arXiv:1610.03295},
  year      = {2016},
}

% Done
@INPROCEEDINGS{Tram2018, 
author={T. {Tram} and A. {Jansson} and R. {Gr\"{o}nberg} and M. {Ali} and J. {Sj\"{o}berg}}, 
booktitle={Proceedings of the 21st IEEE International Conference on Intelligent Transportation Systems (ITSC)}, 
title={Learning Negotiating Behavior Between Cars in Intersections using Deep {Q}-Learning}, 
year={2018}, 
volume={}, 
number={}, 
pages={3169--3174}, 
}

% Done
@INPROCEEDINGS{Mukadam2017, 
author={M. Mukadam and A. Cosgun and A. Nakhaei and K. Fujimura}, 
booktitle={Proceedings of the Workshop on Machine Learning for Intelligent Transportation Systems, 32nd Conference on Neural Information Processing Systems (NeurIPS)}, 
title={Tactical Decision Making for Lane Changing with Deep Reinforcement Learning}, 
year={2017}, 
volume={}, 
number={}, 
pages={},}

% Done
@INPROCEEDINGS{Isele2018,
  author={Isele, David and Rahimi, Reza and Cosgun, Akansel and Subramanian, Kaushik and Fujimura, Kikuo},
  booktitle={Proceedings of the IEEE International Conference on Robotics and Automation (ICRA)},
  title={Navigating Occluded Intersections with Autonomous Vehicles Using Deep Reinforcement Learning}, 
  year={2018},
  volume={},
  number={},
  pages={2034--2039},
  doi={10.1109/ICRA.2018.8461233}}

% Done
@book{Kochenderfer2015,
 author = {Kochenderfer, Mykel J.},
 title = {Decision Making Under Uncertainty: Theory and Application},
 year = {2015},
 isbn = {0262029251, 9780262029254},
 publisher = {MIT Press},
}

% Done
@ARTICLE{Browne2012,
  author={Browne, Cameron B. and Powley, Edward and Whitehouse, Daniel and Lucas, Simon M. and Cowling, Peter I. and Rohlfshagen, Philipp and Tavener, Stephen and Perez, Diego and Samothrakis, Spyridon and Colton, Simon},
  journal={IEEE Transactions on Computational Intelligence and AI in Games}, 
  title={A Survey of {Monte} {Carlo} Tree Search Methods}, 
  year={2012},
  volume={4},
  number={1},
  pages={1-43},
  doi={10.1109/TCIAIG.2012.2186810}}



% Done
@article{Silver2017chess,
  author    = {David Silver and Thomas Hubert and Julian Schrittwieser and Ioannis Antonoglou and Matthew Lai and Arthur Guez and Marc Lanctot and Laurent Sifre and Dharshan Kumaran and Thore Graepel and Timothy Lillicrap and Karen Simonyan and Demis Hassabis},
  title     = {A general reinforcement learning algorithm that masters chess, shogi,
and {Go} through self-play},
  journal   = {Science},
  volume    = {362},
  issue = {6419},
  year      = {2018},
  pages = {1140--1144}
}

% Done
@INPROCEEDINGS{Lillicrap2015,
      title={Continuous control with deep reinforcement learning}, 
      author={Timothy P. Lillicrap and Jonathan J. Hunt and Alexander Pritzel and Nicolas Heess and Tom Erez and Yuval Tassa and David Silver and Daan Wierstra},
      booktitle={Proceedings of the 4th International Conference on Learning Representations (ICLR)},
      year={2016},
}

% Done
@article{Silver2017,
  author = {Silver, David and Schrittwieser, Julian and Simonyan, Karen and Antonoglou, Ioannis and Huang, Aja and Guez, Arthur and Hubert, Thomas and Baker, Lucas and Lai, Matthew and Bolton, Adrian and Chen, Yutian and Lillicrap, Timothy and Hui, Fan and Sifre, Laurent and van den Driessche, George and Graepel, Thore and Hassabis, Demis},
  journal = {Nature},
  pages = {354--359},
  title = {Mastering the game of {Go} without human knowledge},
  volume = 550,
  year = 2017
}


@INPROCEEDINGS{MCTSatari,
title = {Deep Learning for Real-Time Atari Game Play Using Offline Monte-Carlo Tree Search Planning},
author = {Guo, Xiaoxiao and others},
booktitle = {Advances in Neural Information Processing Systems 27},
pages = {3338--3346},
year = {2014},
publisher = {Curran Associates, Inc.},
}


@article{thinkingFast,
  author    = {Thomas Anthony and
               Zheng Tian and
               David Barber},
  title     = {Thinking Fast and Slow with Deep Learning and Tree Search},
  journal   = {CoRR},
  volume    = {abs/1705.08439},
  year      = {2017},
  url       = {http://arxiv.org/abs/1705.08439},
  archivePrefix = {arXiv},
  eprint    = {1705.08439},
  timestamp = {Wed, 07 Jun 2017 14:40:10 +0200},
  biburl    = {https://dblp.org/rec/bib/journals/corr/AnthonyTB17},
  bibsource = {dblp computer science bibliography, https://dblp.org}
}


@book{Thrun2005,
 author = {Thrun, Sebastian and Burgard, Wolfram and Fox, Dieter},
 title = {Probabilistic Robotics},
 year = {2005},
 isbn = {0262201623},
 publisher = {MIT Press},
}

% Done
@InProceedings{Couetoux2011,
author="Cou{\"e}toux, Adrien
and Hoock, Jean-Baptiste
and Sokolovska, Nataliya
and Teytaud, Olivier
and Bonnard, Nicolas",
title="Continuous Upper Confidence Trees",
booktitle="Proceedings of the International Conference on Learning and Intelligent Optimization",
year="2011",
pages="433--445",
isbn="978-3-642-25566-3"
}

% Done
@book{Sutton2018,
  author = {Sutton, Richard S. and Barto, Andrew G.},
  edition = {2},
  publisher = {MIT Press},
  title = {Reinforcement Learning: An Introduction},
  year = {2018 }
}

% Done
@article{IDM,
      author        = "Treiber, M and Hennecke, A and Helbing, D",
      title         = "Congested Traffic States in Empirical Observations and
                       Microscopic Simulations",
      journal       = "Physical Review E",
      volume        = "62",
      pages         = "1805-1824",
      year          = "2000",
}

% Done
@article{MOBIL,
author = {Kesting, Arne and Treiber, Martin and Helbing, Dirk},
title = {General Lane-Changing Model {MOBIL} for Car-Following Models},
journal = {Transportation Research Record},
volume = {1999},
number = {},
pages = {86--94},
year = {2007},
doi = {10.3141/1999-10}
}

@incollection{ModelParameters,
author = {Kesting, Arne and Treiber, Martin and Helbing, Dirk},
editor = {Uhrmacher, Adelinde M. and Weyns, Danny},
year = {2009},
pages = {325-356},
title = {Agents for Traffic Simulation},
booktitle = {Multi-Agent Systems: Simulation and Applications},
publisher = {CRC Press},
doi = {10.1201/9781420070248.ch11}
}



@article{Ruder2016,
  author    = {Sebastian Ruder},
  title     = {An overview of gradient descent optimization algorithms},
  journal   = {CoRR},
  volume    = {abs/1609.04747},
  year      = {2016},
  url       = {http://arxiv.org/abs/1609.04747},
  archivePrefix = {arXiv},
  eprint    = {1609.04747},
  timestamp = {Mon, 13 Aug 2018 16:48:10 +0200},
  biburl    = {https://dblp.org/rec/bib/journals/corr/Ruder16},
  bibsource = {dblp computer science bibliography, https://dblp.org}
}

% Done
@unpublished{Ulbrich2017,
  title={Towards a Functional System Architecture for Automated Vehicles},
  author={Simon Ulbrich and Andreas Reschka and Jens Rieken and Susanne Ernst and Gerrit Bagschik and Frank Dierkes and Marcus Nolte and Markus Maurer},
  year={2017},
  note={arXiv:1703.08557}
}


% Done
@article{Mnih2015,
  added-at = {2015-08-26T14:46:40.000+0200},
  author = {Mnih, Volodymyr and others},
  biburl = {https://www.bibsonomy.org/bibtex/2fb15f4471c81dc2b9edf2304cb2f7083/hotho},
  description = {Human-level control through deep reinforcement learning - nature14236.pdf},
  interhash = {eac59980357d99db87b341b61ef6645f},
  intrahash = {fb15f4471c81dc2b9edf2304cb2f7083},
  issn = {00280836},
  journal = {Nature},
  keywords = {deep learning toread},
  number = 7540,
  pages = {529--533},
  publisher = {Nature Publishing Group, a division of Macmillan Publishers Limited. All Rights Reserved.},
  timestamp = {2015-08-26T14:46:40.000+0200},
  title = {Human-level control through deep reinforcement learning},
  volume = 518,
  year = 2015
}

%Done
@inproceedings{Ng2000,
 author = {Ng, Andrew Y. and Russell, Stuart J.},
 title = {Algorithms for Inverse Reinforcement Learning},
 booktitle = {Proceedings of the 17th International Conference on Machine Learning (ICML)},
 year = {2000},
 isbn = {1-55860-707-2},
 pages = {663--670},
 numpages = {8},
 url = {http://dl.acm.org/citation.cfm?id=645529.657801},
 acmid = {657801},
} 

% Done
@incollection{Underwood2016,
author="Underwood, Steven and Bartz, Daniel and Kade, Alex and Crawford, Mark",
editor="Meyer, Gereon
and Beiker, Sven",
title="Truck Automation: Testing and Trusting the Virtual Driver",
booktitle="Road Vehicle Automation 3",
year="2016",
publisher="Springer",
pages="91--109",
isbn="978-3-319-40503-2"
}

% Done
@book{Holland1975,
  author        = "John H. Holland",
  title         = "Adaptation in Natural and Artificial Systems",
  publisher     = "University of Michigan Press",
  year          = "1975"
}

% Done
@phdthesis{Ahmed1999,
  title={Modeling drivers' acceleration and lane changing behavior},
  author={Kazi Iftekhar Ahmed},
  year={1999},
  school={Massachusetts Institute of Technology}
}

% Done
@Article{Watkins1992,
author="Watkins, Christopher J. C. H.
and Dayan, Peter",
title="Q-learning",
journal="Machine Learning",
year="1992",
day="01",
volume="8",
number="3",
pages="279--292",
}

@article{Arora2018,
  author    = {Saurabh Arora and
               Prashant Doshi},
  title     = {A Survey of Inverse Reinforcement Learning: Challenges, Methods and
               Progress},
  journal   = {CoRR},
  volume    = {abs/1806.06877},
  year      = {2018},
  url       = {http://arxiv.org/abs/1806.06877},
  archivePrefix = {arXiv},
  eprint    = {1806.06877},
  timestamp = {Mon, 13 Aug 2018 16:46:37 +0200},
  biburl    = {https://dblp.org/rec/bib/journals/corr/abs-1806-06877},
  bibsource = {dblp computer science bibliography, https://dblp.org}
}

@inproceedings{Hester2018,
  author    = {Todd Hester and others},
  title     = {Deep {Q}-learning From Demonstrations},
  booktitle = {{AAAI} Conference on Artificial Intelligence},
  pages     = {3223--3230},
  year      = {2018},
  url       = {https://www.aaai.org/ocs/index.php/AAAI/AAAI18/paper/view/16976},
  timestamp = {Tue, 23 Oct 2018 06:42:15 +0200},
  biburl    = {https://dblp.org/rec/bib/conf/aaai/HesterVPLSPHQSO18},
  bibsource = {dblp computer science bibliography, https://dblp.org}
}

% Done
@article{LeCun2015,
  author    = {Yann LeCun and
               Yoshua Bengio and
               Geoffrey E. Hinton},
  title     = {Deep learning},
  journal   = {Nature},
  volume    = {521},
  number    = {7553},
  pages     = {436--444},
  year      = {2015},
}


% Done
@article{Dijkstra1959,
  title={A note on two problems in connexion with graphs},
  author={Dijkstra, Edsger W},
  journal={Numerische Mathematik},
  volume={1},
  number={1},
  pages={269--271},
  year={1959},
  publisher={Springer}
}

% Done
@article{Hart1968,
  doi = {10.1109/tssc.1968.300136},
  url = {https://doi.org/10.1109/tssc.1968.300136},
  year = {1968},
  publisher = {Institute of Electrical and Electronics Engineers ({IEEE})},
  volume = {4},
  number = {2},
  pages = {100--107},
  author = {Peter Hart and Nils Nilsson and Bertram Raphael},
  title = {A Formal Basis for the Heuristic Determination of Minimum Cost Paths},
  journal = {{IEEE} Transactions on Systems Science and Cybernetics}
}

% Done
@article{Bacha2008,
author = {Bacha, Andrew and Bauman, Cheryl and Faruque, Ruel and Fleming, Michael and Terwelp, Chris and Reinholtz, Charles and Hong, Dennis and Wicks, Al and Alberi, Thomas and Anderson,, David and Cacciola, Stephen and Currier,, Patrick and Dalton, Aaron and Farmer, Jesse and Hurdus, Jesse and Kimmel, Shawn and King, Peter and Taylor, Andrew and Covern, David Van and Webster, Mike},
title = {Odin: Team {VictorTango's} entry in the {DARPA} Urban Challenge},
journal = {Journal of Field Robotics},
volume = {25},
number = {8},
pages = {467--492},
year = {2008}
}

% Done
@TECHREPORT{Lavalle1998,
    author = {Steven M. Lavalle},
    title = {Rapidly-Exploring Random Trees: A New Tool for Path Planning},
    institution = {Iowa State University},
    year = {1998}
}


% Done
@INPROCEEDINGS{Karaman2011,
  author={Karaman, Sertac and Walter, Matthew R. and Perez, Alejandro and Frazzoli, Emilio and Teller, Seth},
  booktitle={Proceedings of the IEEE International Conference on Robotics and Automation (ICRA)},
  title={Anytime Motion Planning using the {RRT*}}, 
  year={2011},
  volume={},
  number={},
  pages={1478--1483},
  doi={10.1109/ICRA.2011.5980479}}
  
% Done
@ARTICLE{Gonzales2016,
author={González, David and Pérez, Joshué and Milanés, Vicente and Nashashibi, Fawzi},
journal={IEEE Transactions on Intelligent Transportation Systems}, 
title={A Review of Motion Planning Techniques for Automated Vehicles}, 
year={2016},
volume={17},
number={4},
pages={1135-1145},
doi={10.1109/TITS.2015.2498841}}

% Done
@ARTICLE{Paden2016,
author={Paden, Brian and Čáp, Michal and Yong, Sze Zheng and Yershov, Dmitry and Frazzoli, Emilio},
journal={IEEE Transactions on Intelligent Vehicles}, 
title={A Survey of Motion Planning and Control Techniques for Self-Driving Urban Vehicles}, 
year={2016},
volume={1},
number={1},
pages={33-55},
doi={10.1109/TIV.2016.2578706}}

% Done
@INPROCEEDINGS{Bansal2019, 
AUTHOR    = {Mayank Bansal AND Alex Krizhevsky AND Abhijit Ogale}, 
TITLE     = {{ChauffeurNet}: Learning to Drive by Imitating the Best and Synthesizing the Worst},
BOOKTITLE = {Proceedings of Robotics: Science and Systems}, 
YEAR      = {2019}, 
DOI       = {10.15607/RSS.2019.XV.031} 
} 

% Done
@INPROCEEDINGS{Kuefler2017,
  author={Kuefler, Alex and Morton, Jeremy and Wheeler, Tim and Kochenderfer, Mykel J},
  booktitle={Proceedings of the IEEE Intelligent Vehicles Symposium (IV)}, 
  title={Imitating driver behavior with generative adversarial networks}, 
  year={2017},
  volume={},
  number={},
  pages={204--211},
  doi={10.1109/IVS.2017.7995721}}

% Done
 @inproceedings{Ho2016,
 author = {Ho, Jonathan and Ermon, Stefano},
 booktitle = {Proceedings of the 29th Conference on Neural Information Processing Systems (NeurIPS)},
 pages = {},
 title = {Generative Adversarial Imitation Learning},
 url = {https://proceedings.neurips.cc/paper/2016/file/cc7e2b878868cbae992d1fb743995d8f-Paper.pdf},
year = {2016}
}

% Done
@INPROCEEDINGS{Kelly2019,
  author={Kelly, Michael and Sidrane, Chelsea and Driggs-Campbell, Katherine and Kochenderfer, Mykel J.},
  booktitle={Proceedings of the IEEE International Conference on Robotics and Automation (ICRA)},
  title={{HG-DAgger}: {Interactive} Imitation Learning with Human Experts}, 
  year={2019},
  volume={},
  number={},
  pages={8077--8083},
  doi={10.1109/ICRA.2019.8793698}}
  
% Done
@InProceedings{Ross2011,
  title = 	 {A Reduction of Imitation Learning and Structured Prediction to No-Regret Online Learning},
  author = 	 {Ross, Stephane and Gordon, Geoffrey and Bagnell, Drew},
  booktitle = 	 {Proceedings of the 14th International Conference on Artificial Intelligence and Statistics},
  pages = 	 {627--635},
  year = 	 {2011},
}

% Done
@inproceedings{Pomerleau1989,
  author = {Pomerleau, Dean A.},
  booktitle = {Proceedings of the 1st Conference on Neural Information Processing Systems (NeurIPS)},
  pages = {305--313},
  priority = {2},
  title = {{ALVINN}: An Autonomous Land Vehicle in a Neural Network},
  year = 1989
}

@INPROCEEDINGS{Ng1999,
    author = {Andrew Y. Ng and Daishi Harada and Stuart Russell},
    title = {Policy invariance under reward transformations: Theory and application to reward shaping},
    booktitle = {In Proceedings of the Sixteenth International Conference on Machine Learning},
    year = {1999},
    pages = {278--287},
    publisher = {Morgan Kaufmann}
}

% Done
@INPROCEEDINGS{Ziebart2009,
  author={Ziebart, Brian D. and Ratliff, Nathan and Gallagher, Garratt and Mertz, Christoph and Peterson, Kevin and Bagnell, J. Andrew and Hebert, Martial and Dey, Anind K. and Srinivasa, Siddhartha},
  booktitle={Proceedings of the IEEE/RSJ International Conference on Intelligent Robots and Systems (IROS)}, 
  title={Planning-based prediction for pedestrians}, 
  year={2009},
  volume={},
  number={},
  pages={3931--3936},
  doi={10.1109/IROS.2009.5354147}}
  
% Done
@INPROCEEDINGS{Sun2019,
author={Sun, Liting and Zhan, Wei and Chan, Ching-Yao and Tomizuka, Masayoshi},
booktitle={Proceedings of the IEEE Intelligent Vehicles Symposium (IV)}, 
title={Behavior Planning of Autonomous Cars with Social Perception}, 
year={2019},
volume={},
number={},
pages={207--213},
doi={10.1109/IVS.2019.8814223}}

% Done
@INPROCEEDINGS{Sadigh2016, 
    AUTHOR    = {Dorsa Sadigh AND Shankar Sastry AND Sanjit A. Seshia AND Anca D. Dragan}, 
    TITLE     = {Planning for Autonomous Cars that Leverage Effects on Human Actions}, 
    BOOKTITLE = {Proceedings of Robotics: Science and Systems}, 
    YEAR      = {2016}, 
    DOI       = {10.15607/RSS.2016.XII.029} 
} 

% Done
@INPROCEEDINGS{Kuderer2015,
  author={Kuderer, Markus and Gulati, Shilpa and Burgard, Wolfram},
  booktitle={Proceedings of the IEEE International Conference on Robotics and Automation (ICRA)},
  title={Learning driving styles for autonomous vehicles from demonstration}, 
  year={2015},
  volume={},
  number={},
  pages={2641--2646},
  doi={10.1109/ICRA.2015.7139555}}
  
% Done
@inproceedings{Sharifzadeh2016,
author = {Sharifzadeh, Sahand and Chiotellis, John and Triebel, Rudolph and Cremers, Daniel},
year = {2016},
pages = {},
title = {Learning to Drive using Inverse Reinforcement Learning and Deep {Q}-Networks},
booktitle={Proceedings of the Workshop on Deep Learning for Action and Interaction, 29th Conference on Neural Information Processing Systems (NeurIPS)}, 
}

% Done
@inproceedings{Wang2019,
  title={Decision Making for Autonomous Driving Via Augmented Adversarial Inverse Reinforcement Learning},
  author={P. Wang and D. Liu and Jiayu Chen and Hanhan Li and Chingyao Chan},
  booktitle={Proceedings of the IEEE International Conference on Robotics and Automation (ICRA)},
  year={2021}
}

% Done
@unpublished{Zhu2021,
  title={A Survey of Deep {RL} and {IL} for Autonomous Driving Policy Learning}, 
  author={Zeyu Zhu and Huijing Zhao},
  year={2021},
  note = {arXiv:2101.01993}
}

% Done
@unpublished{Ye2021,
      title={A Survey of Deep Reinforcement Learning Algorithms for Motion Planning and Control of Autonomous Vehicles}, 
      author={Fei Ye and Shen Zhang and Pin Wang and Ching-Yao Chan},
      year={2021},
      note={arXiv:2105.14218}
}

% Done
@ARTICLE{Kiran2021,
  author={Kiran, B Ravi and Sobh, Ibrahim and Talpaert, Victor and Mannion, Patrick and Sallab, Ahmad A. Al and Yogamani, Senthil and Pérez, Patrick},
  journal={IEEE Transactions on Intelligent Transportation Systems}, 
  title={Deep Reinforcement Learning for Autonomous Driving: A Survey}, 
  year={2021},
  volume={},
  number={},
  pages={1--18},
  doi={10.1109/TITS.2021.3054625}}
 
 % Done
 @inproceedings{Pan2017,
  author    = {Xinlei Pan and
               Yurong You and
               Ziyan Wang and
               Cewu Lu},
  title     = {Virtual to Real Reinforcement Learning for Autonomous Driving},
  booktitle={Proceedings of the 28th British Machine Vision Conference (BMVC)},
  year      = {2017},
  pages={11.1-11.13},
}

% Done
@INPROCEEDINGS{Kendall2019,
author={Alex Kendall and Jeffrey Hawke and David Janz and Przemyslaw Mazur and Daniele Reda and John-Mark Allen and Vinh-Dieu Lam and Alex Bewley and Amar Shah},
booktitle={Proceedings of the IEEE International Conference on Robotics and Automation (ICRA)}, 
title={Learning to Drive in a Day},
year={2019},
volume={},
number={},
pages={8248--8254},
doi={10.1109/ICRA.2019.8793742},
ISSN={1050-4729},
}

% Done
@INPROCEEDINGS{Wang2019_ddpg,
  author={Wang, Pin and Li, Hanhan and Chan, Ching-Yao},
  booktitle={Proceedings of the IEEE Intelligent Vehicles Symposium (IV)}, 
  title={Continuous Control for Automated Lane Change Behavior Based on Deep Deterministic Policy Gradient Algorithm}, 
  year={2019},
  volume={},
  number={},
  pages={1454-1460},
  doi={10.1109/IVS.2019.8813903}}

% Done
@INPROCEEDINGS{Chen2019,
  author={Chen, Jianyu and Yuan, Bodi and Tomizuka, Masayoshi},
  booktitle={Proceedings of the 22nd IEEE Intelligent Transportation Systems Conference (ITSC)}, 
  title={Model-free Deep Reinforcement Learning for Urban Autonomous Driving}, 
  year={2019},
  volume={},
  number={},
  pages={2765--2771},
  doi={10.1109/ITSC.2019.8917306}}
 
% Done
@inproceedings{Bouton2019,
author = {Bouton, Maxime and Karlsson, Jesper and Nakhaei, Alireza and Fujimura, Kikuo and Kochenderfer, Mykel J and Tumova, Jana},
year = {2018},
pages = {},
title = {Reinforcement Learning with Probabilistic Guarantees for Autonomous Driving},
booktitle = {Proceedings of the Workshop on Safety, Risk and Uncertainty in Reinforcement Learning, 34th Conference on Uncertainty in Artificial Intelligence (UAI)}
}

% Done
@inproceedings{Hessel2018,
  author = {Hessel, Matteo and Modayil, Joseph and van Hasselt, Hado and Schaul, Tom and Ostrovski, Georg and Dabney, Will and Horgan, Dan and Piot, Bilal and Azar, Mohammad Gheshlaghi and Silver, David},
  biburl = {https://www.bibsonomy.org/bibtex/259353415df5f6b466b1c4bd912ddd030/dblp},
  booktitle = {Proceedings of the 32nd AAAI Conference on Artificial Intelligence},
  pages = {3215--3222},
  timestamp = {2018-10-24T11:38:24.000+0200},
  title = {Rainbow: Combining Improvements in Deep Reinforcement Learning},
  url = {http://dblp.uni-trier.de/db/conf/aaai/aaai2018.html#HesselMHSODHPAS18},
  year = 2018
}

% Done
@inproceedings{Osband2016,
title = {Deep Exploration via Bootstrapped {DQN}},
author = {Osband, Ian and Blundell, Charles and Pritzel, Alexander and Van Roy, Benjamin},
booktitle = {Proceedings of the 29th Conference on Neural Information Processing Systems (NeurIPS)},
year = {2016},
}

% Done
@inproceedings{Osband2018,
author = {Osband, Ian and Aslanides, John and Cassirer, Albin},
title = {Randomized Prior Functions for Deep Reinforcement Learning},
year = {2018},
booktitle = {Proceedings of the 31st Conference on Neural Information Processing Systems (NeurIPS)},
}


% Done
@book{Russel2010,
  added-at = {2020-02-01T18:23:11.000+0100},
  author = {Russell, Stuart and Norvig, Peter},
  biburl = {https://www.bibsonomy.org/bibtex/20533b732950d1c5ab4ac12d4f32fe637/mialhoma},
  edition = 3,
  interhash = {53908a52dd4c6c8e39f93f4ffc8341be},
  intrahash = {0533b732950d1c5ab4ac12d4f32fe637},
  keywords = {ties4530},
  publisher = {Prentice Hall},
  timestamp = {2020-02-01T18:23:11.000+0100},
  title = {Artificial Intelligence: A Modern Approach},
  year = 2010
}

% Done
@INPROCEEDINGS{Bhattacharyya2018,
  author={Bhattacharyya, Raunak P. and Phillips, Derek J. and Wulfe, Blake and Morton, Jeremy and Kuefler, Alex and Kochenderfer, Mykel J.},
  booktitle={Proceedings of the IEEE/RSJ International Conference on Intelligent Robots and Systems (IROS)}, 
  title={Multi-Agent Imitation Learning for Driving Simulation}, 
  year={2018},
  volume={},
  number={},
  pages={1534--1539},
  doi={10.1109/IROS.2018.8593758}}
  
% Done
@article{Ecoffet2021,
  title={First return then explore},
  author={Adrien Ecoffet and Joost Huizinga and J. Lehman and Kenneth O. Stanley and J. Clune},
  journal={Nature},
  year={2021},
  volume={590},
  pages={580--586}
}

% Done
@BOOK{Janai2020,
  author={Janai, Joel and Güney, Fatma and Behl, Aseem and Geiger, Andreas},
  title={Computer Vision for Autonomous Vehicles: Problems, Datasets and State of the Art},
  year={2020},
  publisher = {Now Publishers Inc.},
  volume={},
  number={},
  pages={},
  doi={}}
  
  
% Done
@misc{sourceCodePaper4,
  title = 	 {Source code for `{Tactical} Decision-Making in Autonomous Driving by Reinforcement Learning with Uncertainty Estimation'},
  author = 	 {Hoel, C. J.},
  year = {2020},
  note = {\url{https://github.com/carljohanhoel/BayesianRLForAutonomousDriving}},
}

% Done
@misc{sourceCodePaper6,
  title = 	 {Source code for `{Ensemble} Quantile Networks: {Uncertainty}-Aware Reinforcement Learning with Applications in Autonomous Driving'},
  author = 	 {{Hoel}, C. J.},
  year = {2021},
  note = {\url{https://github.com/carljohanhoel/EnsembleQuantileNetworks}},
}

% Done
@INPROCEEDINGS{Torngren2018,
  author={Törngren, Martin and Zhang, Xinhai and Mohan, Naveen and Becker, Matthias and Svensson, Lars and Tao, Xin and Chen, De-Jiu and Westman, Jonas},
  booktitle={Proceedings of the 21st International Conference on Intelligent Transportation Systems (ITSC)}, 
  title={Architecting Safety Supervisors for High Levels of Automated Driving}, 
  year={2018},
  volume={},
  number={},
  pages={1721--1728},
  doi={10.1109/ITSC.2018.8569945}}
  
% Done
@INPROCEEDINGS{Svensson2018,
  author={Svensson, Lars and Masson, Lola and Mohan, Naveen and Ward, Erik and Brenden, Anna Pernestål and Feng, Lei and Törngren, Martin},
  booktitle={Proceedings of the IEEE Intelligent Vehicles Symposium (IV)}, 
  title={Safe Stop Trajectory Planning for Highly Automated Vehicles: An Optimal Control Problem Formulation}, 
  year={2018},
  volume={},
  number={},
  pages={517--522},
  doi={10.1109/IVS.2018.8500536}}

% Done  
@unpublished{Leurent2018,
      title={A Survey of State-Action Representations for Autonomous Driving}, 
      author={Edouard Leurent and Yann Blanco and Denis Efimov and Odalric-Ambrym Maillard},
      year={2018},
      note = {hal-01908175}
}


% Done
@article{Kiureghian2009,
title = {Aleatory or epistemic? {Does} it matter?},
journal = {Structural Safety},
volume = {31},
number = {2},
pages = {105--112},
year = {2009},
issn = {0167-4730},
doi = {https://doi.org/10.1016/j.strusafe.2008.06.020},
url = {https://www.sciencedirect.com/science/article/pii/S0167473008000556},
author = {Armen Der Kiureghian and Ove Ditlevsen},
}

% Done
@InProceedings{Bellemare2017,
  title = 	 {A Distributional Perspective on Reinforcement Learning},
  author =       {Marc G. Bellemare and Will Dabney and R{\'e}mi Munos},
  booktitle = 	 {Proceedings of the 34th International Conference on Machine Learning (ICML)},
  pages = 	 {449--458},
  year = 	 {2017},
}

% Done
@InProceedings{Dabney2018,
  title = 	 {Implicit Quantile Networks for Distributional Reinforcement Learning},
  author =       {Dabney, Will and Ostrovski, Georg and Silver, David and Munos, Remi},
  booktitle = 	 {Proceedings of the 35th International Conference on Machine Learning (ICML)},
  pages = 	 {1096--1105},
  year = 	 {2018},
}

% Done
@inproceedings{Dabney_QR,
  author    = {Will Dabney and
               Mark Rowland and
               Marc G. Bellemare and
               R{\'{e}}mi Munos},
    title     = {Distributional Reinforcement Learning With Quantile Regression},
  booktitle = {Proceedings of the 32nd AAAI Conference on Artificial Intelligence},
  pages     = {2892--2901},
  year      = {2018},
}

% Done
@article{Huber1964,
author = {Peter J. Huber},
title = {Robust Estimation of a Location Parameter},
volume = {35},
journal = {The Annals of Mathematical Statistics},
number = {1},
publisher = {Institute of Mathematical Statistics},
pages = {73--101},
year = {1964},
}

% Fixed
@article{ziegler2014making,
  author={Ziegler, Julius and Bender, Philipp and Schreiber, Markus and Lategahn, Henning and Strauss, Tobias and Stiller, Christoph and Dang, Thao and Franke, Uwe and Appenrodt, Nils and Keller, Christoph G. and Kaus, Eberhard and Herrtwich, Ralf G. and Rabe, Clemens and Pfeiffer, David and Lindner, Frank and Stein, Fridtjof and Erbs, Friedrich and Enzweiler, Markus and Knöppel, Carsten and Hipp, Jochen and Haueis, Martin and Trepte, Maximilian and Brenk, Carsten and Tamke, Andreas and Ghanaat, Mohammad and Braun, Markus and Joos, Armin and Fritz, Hans and Mock, Horst and Hein, Martin and Zeeb, Eberhard},
  journal={IEEE Intelligent Transportation Systems Magazine}, 
  title={Making Bertha Drive—An Autonomous Journey on a Historic Route}, 
  year={2014},
  volume={6},
  number={2},
  pages={8-20},
  doi={10.1109/MITS.2014.2306552} 
}
% Fixed
@techreport{world2018global,
  title={Global status report on road safety 2018: summary},
  author={{World Health Organization}},
  year={2018},
  institution={World Health Organization}
}
% Fixed
@techreport{singh2015critical,
  title={Critical reasons for crashes investigated in the national motor vehicle crash causation survey},
  author={Singh, Santokh},
  year={2015},
  institution={National Highway Traffic Safety Administration}
}
% Fixed
@Inbook{becker2014bosch,
author="Becker, Jan
and Colas, Maria-Belen Aranda
and Nordbruch, Stefan
and Fausten, Michael",
editor="Meyer, Gereon
and Beiker, Sven",
title="Bosch's Vision and Roadmap Toward Fully Autonomous Driving",
bookTitle="Road Vehicle Automation",
year="2014",
publisher="Springer International Publishing",
address="Cham",
pages="49--59",
doi="10.1007/978-3-319-05990-7_5",
url="https://doi.org/10.1007/978-3-319-05990-7_5"
}
% Fixed
@phdthesis{stenborg,
Author = {Stenborg, Erik},
institution = {Chalmers University of Technology},
Title = {Long-Term Localization for Self-Driving Cars},
Year = {2020},
}
% Fixed
@inproceedings{stenborg2016using,
author={Stenborg, Erik and Hammarstrand, Lars},
booktitle={2016 IEEE Intelligent Vehicles Symposium (IV)}, 
title={Using a single band GNSS receiver to improve relative positioning in autonomous cars}, 
year={2016},
volume={},
number={},
pages={921-926},
doi={10.1109/IVS.2016.7535498}
}
% Fixed
@InProceedings{Braso_2020_CVPR,
author = {Braso, Guillem and Leal-Taixe, Laura},
title = {Learning a Neural Solver for Multiple Object Tracking},
booktitle = {Proceedings of the IEEE/CVF Conference on Computer Vision and Pattern Recognition (CVPR)},
month = {06},
year = {2020}
}
% Fixed
@InProceedings{Danelljan_2020_CVPR,
author = {Danelljan, Martin and Gool, Luc Van and Timofte, Radu},
title = {Probabilistic Regression for Visual Tracking},
booktitle = {Proceedings of the IEEE/CVF Conference on Computer Vision and Pattern Recognition (CVPR)},
month = {6},
year = {2020}
}
% Fixed
@InProceedings{Johnander_2019_CVPR,
author = {Johnander, Joakim and Danelljan, Martin and Brissman, Emil and Khan, Fahad Shahbaz and Felsberg, Michael},
title = {A Generative Appearance Model for End-To-End Video Object Segmentation},
booktitle = {Proceedings of the IEEE/CVF Conference on Computer Vision and Pattern Recognition (CVPR)},
month = {6},
year = {2019}
}
% Fixed
@article{gonzalez2015review,
author={González, David and Pérez, Joshué and Milanés, Vicente and Nashashibi, Fawzi},
journal={IEEE Transactions on Intelligent Transportation Systems}, 
title={A Review of Motion Planning Techniques for Automated Vehicles}, 
year={2016},
volume={17},
number={4},
pages={1135-1145},
doi={10.1109/TITS.2015.2498841}
}
% Fixed
@article{paden2016survey,
author={Paden, Brian and Čáp, Michal and Yong, Sze Zheng and Yershov, Dmitry and Frazzoli, Emilio},
journal={IEEE Transactions on Intelligent Vehicles}, 
title={A Survey of Motion Planning and Control Techniques for Self-Driving Urban Vehicles}, 
year={2016},
volume={1},
number={1},
pages={33-55},
doi={10.1109/TIV.2016.2578706}
}
% Fixed
@misc{RSS,
      title={On a Formal Model of Safe and Scalable Self-driving Cars}, 
      author={Shai Shalev-Shwartz and Shaked Shammah and Amnon Shashua},
	  howpublished = {arXiv:1708.06374},
      year={2018},
}
% Fixed
@inproceedings{schneider2013pedestrian,
author="Schneider, Nicolas
and Gavrila, Dariu M.",
editor="Weickert, Joachim
and Hein, Matthias
and Schiele, Bernt",
title="Pedestrian Path Prediction with Recursive Bayesian Filters: A Comparative Study",
booktitle="Pattern Recognition",
year="2013",
publisher="Springer Berlin Heidelberg",
address="Berlin, Heidelberg",
pages="174--183",
}
% Fixed
@article{bissacco2009hybrid,
	title={Hybrid dynamical models of human motion for the recognition of human gaits},
	author={Bissacco, Alessandro and Soatto, Stefano},
	journal={International journal of computer vision},
	volume={85},
	number={1},
	pages={101--114},
	year={2009},
	publisher={Springer}
}
% Fixed
@inproceedings{Kooij2014,
author="Kooij, Julian Francisco Pieter
and Schneider, Nicolas
and Flohr, Fabian
and Gavrila, Dariu M.",
editor="Fleet, David
and Pajdla, Tomas
and Schiele, Bernt
and Tuytelaars, Tinne",
title="Context-Based Pedestrian Path Prediction",
booktitle="Computer Vision -- ECCV 2014",
year="2014",
publisher="Springer International Publishing",
address="Cham",
pages="618--633",
}
% Fixed
@inproceedings{Ellis2009,
author={Ellis, David and Sommerlade, Eric and Reid, Ian},
booktitle={2009 IEEE 12th International Conference on Computer Vision Workshops, ICCV Workshops}, 
title={Modelling pedestrian trajectory patterns with Gaussian processes}, 
year={2009},
volume={},
number={},
pages={1229-1234},
doi={10.1109/ICCVW.2009.5457470}
}
% Fixed
@inproceedings{chen2016predictive,
	title={Predictive modeling of pedestrian motion patterns with bayesian nonparametrics},
	author={Chen, Yu Fan and Liu, Miao and Liu, Shih-Yuan and Miller, Justin and How, Jonathan P},
	booktitle={AIAA Guidance, Navigation, and Control Conference},
	pages={1861-1875},
	year={2016}
}
% Fixed
@article{keller2014will,
author={Keller, Christoph G. and Gavrila, Dariu M.},
journal={IEEE Transactions on Intelligent Transportation Systems}, 
title={Will the Pedestrian Cross? A Study on Pedestrian Path Prediction}, 
year={2014},
volume={15},
number={2},
pages={494-506},
doi={10.1109/TITS.2013.2280766}
}
% Fixed
@article{helbing2002simulation,
	title={Simulating dynamical features of escape panic},
	author={Helbing, Dirk and Farkas, Ill{\'e}s and Vicsek, Tamas},
	journal={Nature},
	volume={407},
	number={6803},
	pages={487--490},
	year={2000},
	publisher={Nature Publishing Group}
}
% Fixed
@inproceedings{pellegrini2009you,
author={Pellegrini, S. and Ess, A. and Schindler, K. and van Gool, L.},
booktitle={2009 IEEE 12th International Conference on Computer Vision}, 
title={You'll never walk alone: Modeling social behavior for multi-target tracking}, 
year={2009},
volume={},
number={},
pages={261-268},
doi={10.1109/ICCV.2009.5459260}
}
% Fixed
@inproceedings{Yamaguchi2011,
	title={Who are you with and where are you going?},
	author={Yamaguchi, Kota and Berg, Alexander C and Ortiz, Luis E and Berg, Tamara L},
	booktitle={IEEE Conference on Computer Vision and Pattern Recognition},
	pages={1345--1352},
	year={2011}
}
% Fixed
@inproceedings{Foka2002,
	title={Predictive autonomous robot navigation},
	author={Foka, Amalia F and Trahanias, Panos E},
	booktitle={IEEE/RSJ International Conference on Intelligent Robots and Systems},
	volume={1},
	pages={490--495},
	year={2002}
}
% Fixed
@inproceedings{kitani2012activity,
author="Kitani, Kris M.
and Ziebart, Brian D.
and Bagnell, James Andrew
and Hebert, Martial",
editor="Fitzgibbon, Andrew
and Lazebnik, Svetlana
and Perona, Pietro
and Sato, Yoichi
and Schmid, Cordelia",
title="Activity Forecasting",
booktitle="Computer Vision -- ECCV 2012",
year="2012",
publisher="Springer Berlin Heidelberg",
address="Berlin, Heidelberg",
pages="201--214"
}
% Fixed
@inproceedings{Xie2013,
	title={Inferring ``dark matter'' and ``dark energy'' from videos},
	author={Xie, Dan and Todorovic, Sinisa and Zhu, Song-Chun},
	booktitle = {Proceedings of the IEEE International Conference on Computer Vision (ICCV)},
	month = {12},
	pages={2224--2231},
	year={2013},
}
% Fixed
@inproceedings{Karasev2016,
author={Karasev, Vasiliy and Ayvaci, Alper and Heisele, Bernd and Soatto, Stefano},
booktitle={2016 IEEE International Conference on Robotics and Automation (ICRA)}, 
title={Intent-aware long-term prediction of pedestrian motion}, 
year={2016},
volume={},
number={},
pages={2543-2549},
doi={10.1109/ICRA.2016.7487409}
}
% Fixed
@inproceedings{ng2000algorithms,
author    = {Andrew Y. Ng and
			 Stuart J. Russell},
editor    = {Pat Langley},
title     = {Algorithms for Inverse Reinforcement Learning},
booktitle = {Proceedings of the Seventeenth International Conference on Machine
			 Learning {(ICML} 2000), Stanford University, Stanford, CA, USA, June
			 29 - July 2, 2000},
pages     = {663--670},
publisher = {Morgan Kaufmann},
year      = {2000}
}
% Fixed
@inproceedings{batkovic2018computationally,
  author={Batkovic, Ivo and Zanon, Mario and Lubbe, Nils and Falcone, Paolo},
  booktitle={2018 European Control Conference (ECC)}, 
  title={A Computationally Efficient Model for Pedestrian Motion Prediction}, 
  year={2018},
  volume={},
  number={},
  pages={374-379},
  doi={10.23919/ECC.2018.8550300}
}
% Fixed
@INPROCEEDINGS{cui2019deep,
author={Cui, Henggang and Radosavljevic, Vladan and Chou, Fang-Chieh and Lin, Tsung-Han and Nguyen, Thi and Huang, Tzu-Kuo and Schneider, Jeff and Djuric, Nemanja},
booktitle={2019 International Conference on Robotics and Automation (ICRA)}, 
title={Multimodal Trajectory Predictions for Autonomous Driving using Deep Convolutional Networks}, 
year={2019},
volume={},
number={},
pages={2090-2096},
doi={10.1109/ICRA.2019.8793868}}
% Fixed
@article{cui2019kinematic,
	author = {Cui, Henggang and Nguyen, Thi and Chou, Fang-Chieh and Lin, Tsung-Han and Schneider, Jeff and Bradley, David and Djuric, Nemanja},
	booktitle={2020 International Conference on Robotics and Automation (ICRA)}, 

	year = {2020},
	month = {05},
	pages = {10563-10569},
	title = {Deep Kinematic Models for Kinematically Feasible Vehicle Trajectory Predictions},
	doi = {10.1109/ICRA40945.2020.9197560}
}
% Fixed
@INPROCEEDINGS{parkpredict,
author={Shen, Xu and Batkovic, Ivo and Govindarajan, Vijay and Falcone, Paolo and Darrell, Trevor and Borrelli, Francesco},
booktitle={2020 IEEE Intelligent Vehicles Symposium (IV)}, 
title={ParkPredict: Motion and Intent Prediction of Vehicles in Parking Lots}, 
year={2020},
volume={},
number={},
pages={1170-1175},
doi={10.1109/IV47402.2020.9304795}
}
% Fixed
@article{koschi2020set,
author={Koschi, Markus and Althoff, Matthias},
journal={IEEE Transactions on Intelligent Vehicles}, 
title={Set-Based Prediction of Traffic Participants Considering Occlusions and Traffic Rules}, 
year={2021},
volume={6},
number={2},
pages={249-265},
doi={10.1109/TIV.2020.3017385}
}
% Fixed
@article{pek2020using,
  title={Using online verification to prevent autonomous vehicles from causing accidents},
  author={Pek, Christian and Manzinger, Stefanie and Koschi, Markus and Althoff, Matthias},
  journal={Nature Machine Intelligence},
  volume={2},
  number={9},
  pages={518--528},
  year={2020},
  publisher={Nature Publishing Group}
}
% Fixed
@inproceedings{pek2018computationally,
author={Pek, Christian and Althoff, Matthias},
booktitle={2018 21st International Conference on Intelligent Transportation Systems (ITSC)}, 
title={Computationally Efficient Fail-safe Trajectory Planning for Self-driving Vehicles Using Convex Optimization}, 
year={2018},
volume={},
number={},
pages={1447-1454},
doi={10.1109/ITSC.2018.8569425}
}
% Fixed
@article{batkovic2020safe,
	title={Safe Trajectory Tracking in Uncertain Environments},
	author={Ivo Batkovic and Mohammad Ali and Paolo Falcone and Mario Zanon},
	journal={Provisionally accepted to IEEE Transactions on Automatic Control. Preprint https://arxiv.org/abs/2001.11602 },
	year={2020}
}
% Fixed
@article{mohanan2018survey,
title = {A survey of robotic motion planning in dynamic environments},
journal = {Robotics and Autonomous Systems},
volume = {100},
pages = {171-185},
year = {2018},
author = {M.G. Mohanan and Ambuja Salgoankar}
}
%Fixed
@article{fiorini1998motion,
author = {Paolo Fiorini and Zvi Shiller},
title ={Motion Planning in Dynamic Environments Using Velocity Obstacles},
journal = {The International Journal of Robotics Research},
volume = {17},
number = {7},
pages = {760-772},
year = {1998},
doi = {10.1177/027836499801700706},
}
% Fixed
@article{van2005roadmap,
author={van den Berg, J.P. and Overmars, M.H.},
journal={IEEE Transactions on Robotics}, 
title={Roadmap-based motion planning in dynamic environments}, 
year={2005},
volume={21},
number={5},
pages={885-897},
doi={10.1109/TRO.2005.851378}
}
% Fixed
@inproceedings{fulgenzi2008probabilistic,
author={Fulgenzi, Chiara and Tay, Christopher and Spalanzani, Anne and Laugier, Christian},
booktitle={2008 IEEE/RSJ International Conference on Intelligent Robots and Systems}, 
title={Probabilistic navigation in dynamic environment using Rapidly-exploring Random Trees and Gaussian processes}, 
year={2008},
volume={},
number={},
pages={1056-1062},
doi={10.1109/IROS.2008.4650959}
}
% Fixed
@inproceedings{evestedt2016motion,
author={Evestedt, Niclas and Ljungqvist, Oskar and Axehill, Daniel},
booktitle={2016 IEEE/RSJ International Conference on Intelligent Robots and Systems (IROS)}, 
title={Motion planning for a reversing general 2-trailer configuration using Closed-Loop RRT}, 
year={2016},
volume={},
number={},
pages={3690-3697},
doi={10.1109/IROS.2016.7759544}}
% Fixed
@Inproceedings{Hult2018a, 
author={Hult, Robert and Zanon, Mario and Gros, Sébastien and Falcone, Paolo},
booktitle={2018 European Control Conference (ECC)}, 
title={Energy-Optimal Coordination of Autonomous Vehicles at Intersections}, 
year={2018},
volume={},
number={},
pages={602-607},
doi={10.23919/ECC.2018.8550367}
}
% Fixed
@article{uebel2019two,
author={Uebel, Stephan and Murgovski, Nikolce and Bäker, Bernard and Sjöberg, Jonas},
journal={IEEE Transactions on Vehicular Technology}, 
title={A Two-Level MPC for Energy Management Including Velocity Control of Hybrid Electric Vehicles}, 
year={2019},
volume={68},
number={6},
pages={5494-5505},
doi={10.1109/TVT.2019.2910728}
}
% Fixed
@article{zanon2020gauss,
author={Zanon, Mario},
journal={IEEE Transactions on Automatic Control}, 
title={A Gauss–Newton-Like Hessian Approximation for Economic NMPC}, 
year={2021},
volume={66},
number={9},
pages={4206-4213},
doi={10.1109/TAC.2020.3034868}
}
% Fixed
@ARTICLE{murgovski2018,
author={Uebel, Stephan and Murgovski, Nikolce and Tempelhahn, Conny and Bäker, Bernard},
journal={IEEE Transactions on Vehicular Technology}, 
title={Optimal Energy Management and Velocity Control of Hybrid Electric Vehicles}, 
year={2018},
volume={67},
number={1},
pages={327-337},
doi={10.1109/TVT.2017.2727680}
}
% Fixed
@article{de2017traffic,
author={Rodrigues de Campos, Gabriel and Falcone, Paolo and Hult, Robert and Wymeersch, Henk and Sjöberg, Jonas},
journal={IEEE Intelligent Transportation Systems Magazine}, 
title={Traffic coordination at road intersections: Autonomous decision-making algorithms using model-based heuristics}, 
year={2017},
volume={9},
number={1},
pages={8-21},
doi={10.1109/MITS.2016.2630585}
}
% Fixed
@inproceedings{campos2014cooperative,
author={Campos, Gabriel R. and Falcone, Paolo and Wymeersch, Henk and Hult, Robert and Sjöberg, Jonas},
booktitle={53rd IEEE Conference on Decision and Control}, 
title={Cooperative receding horizon conflict resolution at traffic intersections}, 
year={2014},
volume={},
number={},
pages={2932-2937},
doi={10.1109/CDC.2014.7039840}
}
% Fixed
@article{hult2018optimal,
author={Hult, Robert and Zanon, Mario and Gros, Sebastien and Falcone, Paolo},
journal={IEEE Transactions on Control Systems Technology}, 
title={Optimal Coordination of Automated Vehicles at Intersections: Theory and Experiments}, 
year={2019},
volume={27},
number={6},
pages={2510-2525},
doi={10.1109/TCST.2018.2871397}
}
% Fixed
@article{batkovic2020robust,
author={Batkovic, Ivo and Rosolia, Ugo and Zanon, Mario and Falcone, Paolo},
journal={IEEE Control Systems Letters}, 
title={A Robust Scenario MPC Approach for Uncertain Multi-Modal Obstacles}, 
year={2021},
volume={5},
number={3},
pages={947-952},
doi={10.1109/LCSYS.2020.3006819}
}
% Fixed
@inproceedings{batkovic2019real,
author={Batkovic, Ivo and Zanon, Mario and Ali, Mohammad and Falcone, Paolo},
booktitle={2019 18th European Control Conference (ECC)}, 
title={Real-Time Constrained Trajectory Planning and Vehicle Control for Proactive Autonomous Driving With Road Users}, 
year={2019},
volume={},
number={},
pages={256-262},
doi={10.23919/ECC.2019.8796099}
}
% Fixed
@article{cesari2017scenario,
author={Cesari, Gianluca and Schildbach, Georg and Carvalho, Ashwin and Borrelli, Francesco},
journal={IEEE Intelligent Transportation Systems Magazine}, 
title={Scenario Model Predictive Control for Lane Change Assistance and Autonomous Driving on Highways}, 
year={2017},
volume={9},
number={3},
pages={23-35},
doi={10.1109/MITS.2017.2709782}
}
% Fixed
@misc{chen2021interactive,
  title={Interactive multi-modal motion planning with Branch Model Predictive Control},
  author={Chen, Yuxiao and Rosolia, Ugo and Ubellacker, Wyatt and Csomay-Shanklin, Noel and Ames, Aaron D},
  howpublished={arXiv:2109.05128},
  year={2021}
}
% Fixed
@article{gros2020linear,
author = {Sébastien Gros and Mario Zanon and Rien Quirynen and Alberto Bemporad and Moritz Diehl},
title = {From linear to nonlinear MPC: bridging the gap via the real-time iteration},
journal = {International Journal of Control},
volume = {93},
number = {1},
pages = {62-80},
year  = {2020},
publisher = {Taylor & Francis},
doi = {10.1080/00207179.2016.1222553}
}
% Fixed
@article{lima2018experimental,
  author={Lima, Pedro F and Pereira, Gon{\c{c}}alo Collares and M{\rbackup{a}}rtensson, Jonas and Wahlberg, Bo},
  title = {Experimental validation of model predictive control stability for autonomous driving},
journal = {Control Engineering Practice},
volume = {81},
pages = {244-255},
year = {2018},
doi = {https://doi.org/10.1016/j.conengprac.2018.09.021},
}
% Fixed
@misc{nair2021stochastic,
  title={Stochastic MPC with Multi-modal Predictions for Traffic Intersections},
  author={Nair, Siddharth H and Govindarajan, Vijay and Lin, Theresa and Meissen, Chris and Tseng, H Eric and Borrelli, Francesco},
  howpublished={arXiv:2109.09792},
  year={2021}
}
% Fixed
@ARTICLE{ugo,
author={Rosolia, Ugo and Borrelli, Francesco},
journal={IEEE Transactions on Automatic Control}, 
title={Learning Model Predictive Control for Iterative Tasks. A Data-Driven Control Framework}, 
year={2018},
volume={63},
number={7},
pages={1883-1896},
doi={10.1109/TAC.2017.2753460}
}
% Fixed
@inproceedings{ljungqvist2018stability,
author={Ljungqvist, Oskar and Axehill, Daniel and Löfberg, Johan},
booktitle={2018 Annual American Control Conference (ACC)}, 
title={On stability for state-lattice trajectory tracking control}, 
year={2018},
volume={},
number={},
pages={5868-5875},
doi={10.23919/ACC.2018.8430822}
}
% Fixed
@inproceedings{andersson2018receding,
author={Andersson, Olov and Ljungqvist, Oskar and Tiger, Mattias and Axehill, Daniel and Heintz, Fredrik},
booktitle={2018 IEEE Conference on Decision and Control (CDC)}, 
title={Receding-Horizon Lattice-Based Motion Planning with Dynamic Obstacle Avoidance}, 
year={2018},
volume={},
number={},
pages={4467-4474},
doi={10.1109/CDC.2018.8618964}
}
% Fixed
@inproceedings{oliveira2019path,
  author={Oliveira, Rui and Lima, Pedro F and Pereira, Gon{\c{c}}alo Collares and M{\rbackup{a}}rtensson, Jonas and Wahlberg, Bo},
  booktitle={2019 IEEE Intelligent Transportation Systems Conference (ITSC)}, 
  title={Path Planning for Autonomous Bus Driving in Highly Constrained Environments}, 
  year={2019},
  volume={},
  number={},
  pages={2743-2749},
  doi={10.1109/ITSC.2019.8916773}
}
% Fixed
@INPROCEEDINGS{7995817,
author={Ljungqvist, Oskar and Evestedt, Niclas and Cirillo, Marcello and Axehill, Daniel and Holmer, Olov},
booktitle={2017 IEEE Intelligent Vehicles Symposium (IV)}, 
title={Lattice-based motion planning for a general 2-trailer system}, 
year={2017},
volume={},
number={},
pages={819-824},
doi={10.1109/IVS.2017.7995817}
}
% Fixed
@book{borrelli2017predictive,
place={Cambridge},
title={Predictive Control for Linear and Hybrid Systems},
DOI={10.1017/9781139061759},
publisher={Cambridge University Press},
author={Borrelli, Francesco and Bemporad, Alberto and Morari, Manfred},
year={2017}
}
% Fixed
@BOOK{rawlings2009model,
	title={Model predictive control: Theory and design},
	author={Rawlings, James B and Mayne, David Q},
	year={2009},
	publisher={Nob Hill Pub. Madison, Wisconsin}
}
% Fixed
@article{wachter2006implementation,
  title={On the implementation of an interior-point filter line-search algorithm for large-scale nonlinear programming},
  author={W{\"a}chter, Andreas and Biegler, Lorenz T},
  journal={Mathematical programming},
  volume={106},
  number={1},
  pages={25--57}, 
  year={2006},
  publisher={Springer}
}
% Fixed
@inproceedings{frison2014high,
	author={Frison, Gianluca and Sørensen, Hans Henrik Brandenborg and Dammann, Bernd and Jørgensen, John Bagterp},
	booktitle={2014 European Control Conference (ECC)}, 
	title={High-performance small-scale solvers for linear Model Predictive Control}, 
	year={2014},
	volume={},
	number={},
	pages={128-133},
	doi={10.1109/ECC.2014.6862490}
}
% Fixed
@article{frison2020hpipm,
title = {HPIPM: a high-performance quadratic programming framework for model predictive control},
journal = {IFAC-PapersOnLine},
volume = {53},
number = {2},
pages = {6563-6569},
year = {2020},
doi = {https://doi.org/10.1016/j.ifacol.2020.12.073},
author = {Gianluca Frison and Moritz Diehl},
}
% Fixed
@phdthesis{klintberg2017structure,
  title={Structure exploiting optimization methods for model predictive control},
  author={Klintberg, Emil},
  year={2017},
  institution = {Chalmers University of Technology},
}
% Fixed
@phdthesis{hult2019optimization,
  title={Optimization-based coordination strategies for connected and autonomous vehicles},
  author={Hult, Robert},
  year={2019},
  institution = {Chalmers University of Technology},
}
% Fixed
@Book{Grune2011,
author="Gr{\"u}ne, Lars
and Pannek, J{\"u}rgen",
title="Nonlinear Model Predictive Control",
bookTitle="Nonlinear Model Predictive Control: Theory and Algorithms",
year="2017",
publisher="Springer International Publishing",
address="Cham",
pages="45--69",
doi="10.1007/978-3-319-46024-6_3",
}
% Fixed
@Article{Amrit2011a,
title = {Economic optimization using model predictive control with a terminal cost},
journal = {Annual Reviews in Control},
volume = {35},
number = {2},
pages = {178-186},
year = {2011},
doi = {https://doi.org/10.1016/j.arcontrol.2011.10.011},
author = {Rishi Amrit and James B. Rawlings and David Angeli},
}
% Fixed
@Article{Faulwasser2018a,
year = {2018},
volume = {5},
journal = {Foundations and Trends in Systems and Control},
title = {Economic Nonlinear Model Predictive Control},
doi = {10.1561/2600000014},
number = {1},
pages = {1-98},
author = {Timm Faulwasser and Lars Grüne and Matthias A. Müller}
}
% Fixed
@Article{Grune2013a,
title = {Economic receding horizon control without terminal constraints},
journal = {Automatica},
volume = {49},
number = {3},
pages = {725-734},
year = {2013},
doi = {https://doi.org/10.1016/j.automatica.2012.12.003},
author = {Lars Grüne},
}
% Fixed
@Article{Mueller2015,
author={Müller, Matthias A. and Angeli, David and Allgöwer, Frank},
journal={IEEE Transactions on Automatic Control}, 
title={On Necessity and Robustness of Dissipativity in Economic Model Predictive Control}, 
year={2015},
volume={60},
number={6},
pages={1671-1676},
doi={10.1109/TAC.2014.2361193}
}
% Fixed
@Article{Zanon2018a,
title = {Economic MPC without terminal constraints: Gradient-correcting end penalties enforce asymptotic stability},
journal = {Journal of Process Control},
volume = {63},
pages = {1-14},
year = {2018},
doi = {https://doi.org/10.1016/j.jprocont.2017.12.005},
author = {Mario Zanon and Timm Faulwasser},
}
% Fixed
@Conference{Zanon2013d,
author={Zanon, Mario and Gros, Sébastien and Diehl, Moritz},
booktitle={52nd IEEE Conference on Decision and Control}, 
title={A {L}yapunov function for periodic economic optimizing Model Predictive Control}, 
year={2013},
volume={},
number={},
pages={5107-5112},
doi={10.1109/CDC.2013.6760691}
}
% Fixed
@Article{Zanon2017e,
author={Zanon, Mario and Grüne, Lars and Diehl, Moritz},
journal={IEEE Transactions on Automatic Control}, 
title={Periodic Optimal Control, Dissipativity and MPC}, 
year={2017},
volume={62},
number={6},
pages={2943-2949},
doi={10.1109/TAC.2016.2601881}
}
% Fixed
@Article{Zanon2021b,
author={Zanon, Mario},
journal={IEEE Transactions on Automatic Control}, 
title={A Gauss–Newton-Like Hessian Approximation for Economic NMPC}, 
year={2021},
volume={66},
number={9},
pages={4206-4213},
doi={10.1109/TAC.2020.3034868}
}
% Fixed
@Article{Rawlings2008a,
author={Rawlings, James B. and Bonne, Dennis and Jorgensen, John B. and Venkat, Aswin N. and Jorgensen, Sten Bay},
journal={IEEE Transactions on Automatic Control}, 
title={Unreachable Setpoints in Model Predictive Control}, 
year={2008},
volume={53},
number={9},
pages={2209-2215},
doi={10.1109/TAC.2008.928125}
}
% Fixed
@Article{Diehl2011,
author={Diehl, Moritz and Amrit, Rishi and Rawlings, James B.},
journal={IEEE Transactions on Automatic Control}, 
title={A {L}yapunov Function for Economic Optimizing Model Predictive Control}, 
year={2011},
volume={56},
number={3},
pages={703-707},
doi={10.1109/TAC.2010.2101291}
}
% Fixed
@Conference{Faulwasser2018,
title = {Asymptotic Stability of Economic NMPC: The Importance of Adjoints},
journal = {IFAC-PapersOnLine},
volume = {51},
number = {20},
pages = {157-168},
year = {2018},
note = {6th IFAC Conference on Nonlinear Model Predictive Control NMPC 2018},
doi = {https://doi.org/10.1016/j.ifacol.2018.11.009},
author = {Timm Faulwasser and Mario Zanon},
}
% Fixed
@article{batkovic2021infeasible,
	title={Model Predictive Control with Infeasible Reference Trajectories},
	author={Batkovic, Ivo and Ali, Mohammad and Falcone, Paolo and Zanon, Mario},
	journal={Submited to IEEE Transactions on Automatic Control. Preprint https://arxiv.org/abs/2109.04846},
	year={2021}
}
% Fixed
@ARTICLE{Faulwasser2016, 
author={Faulwasser, Timm and Findeisen, Rolf},
  journal={IEEE Transactions on Automatic Control}, 
  title={Nonlinear Model Predictive Control for Constrained Output Path Following}, 
  year={2016},
  volume={61},
  number={4},
  pages={1026-1039},
  doi={10.1109/TAC.2015.2466911}
}
% Fixed
@article{aguiar2005path,
author={Aguiar, A.P. and Hespanha, J.P. and Kokotovic, P.V.},
journal={IEEE Transactions on Automatic Control}, 
title={Path-following for nonminimum phase systems removes performance limitations}, 
year={2005},
volume={50},
number={2},
pages={234-239},
doi={10.1109/TAC.2004.841924}
}
% Fixed
@inproceedings{Faulwasser2009,
author={Faulwasser, T. and Kern, B. and Findeisen, R.},
booktitle={Proceedings of the 48h IEEE Conference on Decision and Control (CDC) held jointly with 2009 28th Chinese Control Conference}, 
title={Model predictive path-following for constrained nonlinear systems}, 
year={2009},
volume={},
number={},
pages={8642-8647},
doi={10.1109/CDC.2009.5399744}
}
% Fixed
@inproceedings{kanjanawanishkul2009path,
author={Kanjanawanishkul, Kiattisin and Zell, Andreas},
booktitle={2009 IEEE International Conference on Robotics and Automation}, 
title={Path following for an omnidirectional mobile robot based on model predictive control}, 
year={2009},
volume={},
number={},
pages={3341-3346},
doi={10.1109/ROBOT.2009.5152217}
}
% Fixed
@inproceedings{alessandretti2013trajectory,
author={Alessandretti, Andrea and Aguiar, A. Pedro and Jones, Colin N.},
booktitle={2013 European Control Conference (ECC)}, 
title={Trajectory-tracking and path-following controllers for constrained underactuated vehicles using Model Predictive Control}, 
year={2013},
volume={},
number={},
pages={1371-1376},
doi={10.23919/ECC.2013.6669717}
}
% Fixed
@ARTICLE{faulwasser_implementation, 
author={Faulwasser, Timm and Weber, Tobias and Zometa, Pablo and Findeisen, Rolf},
journal={IEEE Transactions on Control Systems Technology}, 
title={Implementation of Nonlinear Model Predictive Path-Following Control for an Industrial Robot}, 
year={2017},
volume={25},
number={4},
pages={1505-1511},
doi={10.1109/TCST.2016.2601624}
}
% Fixed
@article{quirynen2017lifted,
	title={Lifted collocation integrators for direct optimal control in ACADO toolkit},
	author={Quirynen, Rien and Gros, S{\'e}bastien and Houska, Boris and Diehl, Moritz},
	journal={Mathematical Programming Computation},
	volume={9},
	number={4},
	pages={527--571},
	year={2017},
	publisher={Springer}
}
% Fixed
@article{diehl2005real,
author = {Diehl, Moritz and Bock, Hans Georg and Schlöder, Johannes P.},
title = {A Real-Time Iteration Scheme for Nonlinear Optimization in Optimal Feedback Control},
journal = {SIAM Journal on Control and Optimization},
volume = {43},
number = {5},
pages = {1714-1736},
year = {2005},
doi = {10.1137/S0363012902400713},
}
% Fixed
@article{scokaert1998min,
author={Scokaert, P.O.M. and Mayne, D.Q.},
journal={IEEE Transactions on Automatic Control}, 
title={Min-max feedback model predictive control for constrained linear systems}, 
year={1998},
volume={43},
number={8},
pages={1136-1142},
doi={10.1109/9.704989}
}
% Fixed
@phdthesis{kerrigan2001robust,
	title={Robust constraint satisfaction: Invariant sets and predictive control},
	author={Kerrigan, Eric Colin},
	year={2001},
	school={University of Cambridge}
}
% Fixed
@article{yu2013tube,
title = {Tube MPC scheme based on robust control invariant set with application to Lipschitz nonlinear systems},
journal = {Systems \& Control Letters},
volume = {62},
number = {2},
pages = {194-200},
year = {2013},
author = {Shuyou Yu and Christoph Maier and Hong Chen and Frank Allgöwer},
}
% Fixed
@phdthesis{althoff2010reachability,
	title={Reachability analysis and its application to the safety assessment of autonomous cars},
	author={Althoff, Matthias},
	year={2010},
	school={Technische Universit{\"a}t M{\"u}nchen}
}
% Fixed
@misc{mulagaleti2021computation,
  title={Computation of input disturbance sets for constrained output reachability},
  author={Mulagaleti, Sampath Kumar and Bemporad, Alberto and Zanon, Mario},
  howpublished={arXiv:2111.03009},
  year={2021}
}
% Fixed
@InProceedings {MPT3,
author={Herceg, Martin and Kvasnica, Michal and Jones, Colin N. and Morari, Manfred},
booktitle={2013 European Control Conference (ECC)}, 
title={Multi-Parametric Toolbox 3.0}, 
year={2013},
volume={},
number={},
pages={502-510},
doi={10.23919/ECC.2013.6669862}
}
% Fixed
@inproceedings{lofberg2004yalmip,
author={Lofberg, J.},
booktitle={2004 IEEE International Conference on Robotics and Automation}, 
title={YALMIP : a toolbox for modeling and optimization in MATLAB}, 
year={2004},
volume={},
number={},
pages={284-289},
doi={10.1109/CACSD.2004.1393890}
}
% Fixed
@article{toh1999sdpt3,
author = {   K. C.   Toh  and    M. J.   Todd  and    R. H.   Tütüncü },
title = {SDPT3 — A Matlab software package for semidefinite programming, Version 1.3},
journal = {Optimization Methods and Software},
volume = {11},
number = {1-4},
pages = {545-581},
year  = {1999},
publisher = {Taylor & Francis},
}
% Fixed
@article{Verschueren2019,
      title={Acados: a modular open-source framework for fast embedded optimal control},
      author={Robin Verschueren and Gianluca Frison and Dimitris Kouzoupis and Jonathan Frey and Niels van Duijkeren and Andrea Zanelli and Branimir Novoselnik and Thivaharan Albin and Rien Quirynen and Moritz Diehl},
      year={2021},
	  journal={Mathematical Programming Computation},
}

