% ----------- Thesis -----------------

%Done
@techreport{WHO2018,
author = {Nhan Tran and others},
title = {Global status report on road safety 2018},
institution = {World Health Organization},
year = {2018},
}
%note = {Online: \url{https://www.who.int/publications/i/item/9789241565684}}

% Done
@techreport{NHTSA2018,
author = {Santokh Singh},
title = {Critical Reasons for Crashes Investigated in the National Motor Vehicle Crash Causation Survey},
institution = {National Highway Traffic Safety Administration},
year = {2018},
number = {DOT HS 812 506}
}
%note = {Online: \url{https://crashstats.nhtsa.dot.gov/api/public/viewpublication/812506}},

% Done
@article{FAGNANT2015167,
title = "Preparing a nation for autonomous vehicles: Opportunities, barriers and policy recommendations",
journal = "Transportation Research Part A: Policy and Practice",
volume = "77",
pages = "167--181",
year = "2015",
issn = "0965-8564",
doi = "https://doi.org/10.1016/j.tra.2015.04.003",
author = "Daniel J. Fagnant and Kara Kockelman",
}

% Done
@BOOK{Janai2020,
  author={Janai, Joel and Güney, Fatma and Behl, Aseem and Geiger, Andreas},
  title={Computer Vision for Autonomous Vehicles: Problems, Datasets and State of the Art},
  year={2020},
  publisher = {Now Publishers Inc.},
  volume={},
  number={},
  pages={},
  doi={}}

  % Done
@ARTICLE{Paden2016,
author={Paden, Brian and Čáp, Michal and Yong, Sze Zheng and Yershov, Dmitry and Frazzoli, Emilio},
journal={IEEE Transactions on Intelligent Vehicles}, 
title={A Survey of Motion Planning and Control Techniques for Self-Driving Urban Vehicles}, 
year={2016},
volume={1},
number={1},
pages={33-55},
doi={10.1109/TIV.2016.2578706}}

% Done
@book{Kochenderfer2015,
 author = {Kochenderfer, Mykel J.},
 title = {Decision Making Under Uncertainty: Theory and Application},
 year = {2015},
 isbn = {0262029251, 9780262029254},
 publisher = {MIT Press},
}

% Done
@book{Sutton2018,
  author = {Sutton, Richard S. and Barto, Andrew G.},
  edition = {2},
  publisher = {MIT Press},
  title = {Reinforcement Learning: An Introduction},
  year = {2018 }
}